2934 4797
1268 263 1348 333 61

146 447 286 504 suut
344 448 583 522 septem
636 441 1019 507 candelabra.
1110 442 1320 524 ltaque
1364 442 1646 506 Ecclesia
1698 460 1937 525 quoque
1988 448 2116 506 tota
2167 441 2323 509 lucis
2369 440 2461 503 di-

143 550 320 613 vinae
368 550 553 615 sedes
598 553 693 615 sol
737 558 950 633 posset
993 553 1293 615 nominari
1343 559 1405 615 et
1447 553 1621 625 luna;
1676 558 1778 617 aut
1822 551 2091 614 Christus
2134 556 2305 614 esset
2348 549 2463 623 sol,

138 655 417 720 Ecclesia
468 675 610 722 vero
665 660 839 721 hina:
903 662 1172 741 itemque
1234 659 1465 723 stellae-
1505 657 1580 722 de
1648 660 1823 721 coelo
1892 658 2182 724 cadentes
2255 662 2467 720 essent

137 766 410 844 magistri
469 765 771 829 ecclesiae
838 763 915 828 de
981 766 1103 829 alto
1166 762 1392 841 dejecti
1450 771 1698 848 propter
1756 763 2164 828 defectionem
2221 781 2256 825 a
2319 761 2463 825 fidei

137 874 423 939 sanitate.
454 870 535 956 ².¹)
644 874 805 936 Sed·
835 872 979 953 quid
1037 874 1103 939 αἱ
1160 871 1430 954 δυνάμεις
1489 880 1608 945 ταῖν
1668 876 1938 959 οὐρανῶν
1993 869 2466 954 σαλευθήσονται

134 979 557 1060 significaret?
603 981 773 1045 Patet
816 984 1000 1054 enim,
1048 983 1200 1047 haec
1246 983 1426 1045 verba
1473 981 1787 1065 grandiora
1835 1001 1991 1056 esse,
2040 996 2217 1063 quam
2247 979 2463 1059 quibus

135 1087 588 1151 haeretieorum
634 1087 908 1153 efficacia
954 1090 1222 1153 describi
1263 1091 1476 1173 possit.
1519 1144 1526 1149 .
1567 1089 1766 1171 Atque
1812 1090 1951 1152 huic
1987 1088 2464 1171 interpretationi

134 1194 317 1275 plane
361 1195 882 1278 repugnat-illud,
932 1196 1095 1278 quod
1140 1198 1232 1258 sic
1275 1194 1441 1258 idem
1487 1205 1900 1279 repeteretur,
1949 1196 2107 1281 quod
2151 1197 2244 1258 vix
2288 1195 2464 1257 antea

137 1303 367 1367 dictum
414 1312 578 1376 erat;
623 1305 811 1386 liquet
854 1312 1074 1377 autem,
1122 1322 1303 1367 versu
1349 1302 1437 1371 29*
1483 1304 1560 1366 ad
1605 1306 1743 1369 novi
1781 1303 1924 1385 quid
1960 1306 2269 1368 transitum
2307 1302 2458 1367 fieri.

134 1410 455 1476 Praeterea
500 1412 947 1475 haereticorum
1005 1413 1141 1476 labe
1190 1430 1375 1474 omne
1432 1430 1547 1493 per
1610 1430 1825 1475 aevum
1888 1413 2151 1475 ecclesia
2211 1412 2461 1484 laborat,

138 1535 330 1599 quare
378 1511 497 1579 nisi
544 1519 845 1598 singulare
893 1518 1035 1599 quid
1082 1517 1159 1580 de
1204 1519 1281 1580 iis
1327 1517 1632 1597 adjectum
1678 1526 1805 1594 est,
1866 1520 1987 1601 ipsi
2039 1538 2163 1582 non
2205 1525 2465 1601 possunt

138 1626 271 1688 diei
315 1632 619 1690 extremae
667 1627 908 1707 signum
951 1629 1201 1709 propius
1241 1645 1401 1689 esse.
1478 1626 1605 1689 Sed
1631 1627 1837 1689 nullibi
1866 1627 2005 1690 talia
2030 1625 2268 1705 adjecta
2299 1634 2459 1691 sunt.

135 1731 494 1796 Reluctatur
535 1732 729 1797 Lucas
784 1752 1022 1814 quoque
1081 1732 1377 1811 adjiciens
1420 1734 1521 1799 καὶ
1565 1733 1657 1799 ἐπὶ
1701 1741 1803 1816 τῆς
1844 1741 1941 1817 γῆς
1993 1730 2204 1819 συνοχὴ
2252 1734 2466 1799 ἐθνῶν.

137 1839 467 1915 Quomodo
516 1843 682 1904 enim
726 1830 849 1904 hocw
904 1841 981 1905 ad
1041 1842 1335 1907 haereses
1394 1843 1461 1904 in
1525 1842 1792 1904 ecclesia
1855 1828 2086 1905 orturas
2149 1841 2461 1924 pertinet?

133 1949 415 2029 Denique
471 1952 688 2011 mirum
748 1968 898 2013 sane
943 1949 1130 2022 foret,
1195 1928 1498 2012 Christum
1543 1950 1709 2032 loqui
1756 1948 2002 2031 quidem
2050 1948 2125 2012 de
2169 1947 2466 2011 Judaismi

134 2062 358 2137 strage,
403 2036 571 2135 loqui
597 2054 675 2118 de
704 2055 1274 2137 Pseudoprophetis,
1323 2074 1403 2118 ne
1433 2074 1556 2118 uno
1602 2074 1747 2119 vero
1792 2058 1975 2119 verbo
2022 2057 2313 2136 attingere
2351 2056 2465 2119 Ec-

137 2164 368 2226 clesiae
413 2161 887 2236 incrementum,
947 2163 1113 2227 verbi
1159 2162 1340 2226 divini
1382 2163 1657 2226 laborem
1703 2163 2051 2237 efficacem,
2097 2181 2465 2247 paganorum

141 2268 610 2350 subjectionem,
659 2272 771 2335 sub
820 2273 1019 2335 crucis
1066 2274 1308 2352 signum
1352 2269 1809 2355 faciendam.²²)

325 2374 527 2454 Quare
574 2380 797 2443 missas
840 2379 1129 2443 faciamus
1173 2379 1283 2442 has
1342 2379 1773 2461 explicationes
1831 2395 2043 2462 parum
2091 2395 2237 2441 sane
2294 2378 2465 2442 satis-

134 2487 467 2560 facientes,
533 2492 596 2550 et
645 2504 1034 2566 quaeramus,
1100 2505 1306 2549 nonne
1361 2487 1562 2549 verbis
1617 2488 1842 2548 nostris
1896 2484 1971 2548 de
2014 2485 2334 2566 Evangelio
2387 2485 2464 2548 ad

136 2593 358 2675 gentes
385 2601 584 2657 terrae
627 2594 1053 2677 progrediente
1098 2600 1324 2675 agatur,
1372 2571 1581 2655 nonn'e
1626 2611 1996 2675 paganorum
2034 2593 2297 2676 denique
2325 2600 2467 2675 post

135 2701 405 2766 Judaeos
451 2704 678 2770 mentio
725 2702 849 2766 liat.
912 2703 1000 2768 lta
1045 2702 1292 2765 demum
1335 2703 1444 2765 toti
1477 2701 1696 2766 Christi
1743 2702 2186 2782 eschatologiae
2221 2701 2463 2765 aliunde

282 2897 375 2964 21)
410 2896 719 2951 Ambrosius
754 2897 789 2949 l.
828 2912 871 2950 e.
908 2913 956 2965 p.
995 2896 1116 2961 206,
1154 2896 1219 2950 ad
1253 2894 1505 2957 Luc-¹25.
1539 2895 1658 2948 26.:
1693 2895 1941 2949 Plurimis
1978 2889 2109 2952 enirn
2144 2913 2178 2949 a
2211 2896 2465 2963 religione

136 2986 492 3041 deficientibus
543 2989 687 3042 clara
728 2989 858 3039 fldes
909 2985 1267 3040 obscurabitur
1303 2987 1434 3038 nube
1469 2986 1728 3054 perfidiae.
1802 2987 1870 3039 Et
1913 2985 2235 3054 Augustinus
2282 2988 2464 3042 matth.

140 3095 192 3131 v.
242 3077 329 3132 29.
368 3085 418 3132 et
463 3080 586 3134 Luc.
635 3080 721 3132 25.
768 3078 852 3130 26.
892 3078 955 3130 ad
989 3076 1278 3131 Ecclesiam
1315 3077 1620 3129 referendos
1659 3081 1833 3145 putat:
1881 3094 1987 3145 „ne
2019 3078 2264 3131 Dominus
2299 3078 2465 3136 Jesus

138 3167 574 3237 appropinquante
613 3167 840 3221 secundo
875 3167 1097 3219 adventu
1133 3180 1230 3217 suo
1267 3181 1331 3217 ea
1364 3181 1465 3234 pro
1495 3181 1680 3231 magno
1699 3166 2023 3234 praedixisse
2052 3167 2298 3232 videatur,
2336 3181 2465 3235 quae

135 3257 260 3309 huic
294 3258 475 3309 mundo
513 3262 566 3309 et
601 3261 721 3308 ante
754 3254 969 3323 primum
1005 3256 1120 3318 eJus
1160 3254 1428 3308 adventum
1465 3259 1845 3306 consueverant
1889 3253 2097 3308 evenire
2134 3256 2224 3321 (cf.
2264 3257 2315 3321 S.
2355 3254 2465 3324 34.)

139 3349 196 3397 et
230 3345 539 3398 irrideamur
571 3347 634 3397 ab
668 3345 775 3416 eis,
810 3345 895 3412 qui
929 3344 1076 3410 haec,
1115 3359 1244 3411 quae
1280 3342 1423 3395 velut
1455 3341 1748 3395 novissima
1783 3348 1837 3395 et
1870 3343 2088 3396 omnium
2106 3343 2322 3396 maxima
2338 3344 2468 3396 licr-

140 3434 433 3501 rescimus,
483 3436 629 3503 plura
675 3435 729 3488 in
773 3434 997 3487 historia
1040 3434 1268 3501 gentium
1313 3439 1365 3485 et
1410 3433 1565 3485 multo
1602 3436 1799 3497 majora
1834 3434 2085 3500 legerunt.
2121 3461 2192 3472 -
2227 3432 2469 3486 Ecclesia

142 3529 229 3576 est
266 3524 358 3576 Sol
407 3529 460 3575 et
501 3524 652 3577 Luna
695 3528 749 3575 et
791 3523 986 3576 Stellae
1000 3540 1019 3590 3
1070 3550 1140 3559 —
1185 3522 1545 3574 obscurabitur
1588 3521 1623 3588 i.
1671 3538 1717 3573 e.
1765 3522 1991 3575 ecclesia
2037 3536 2137 3574 non
2189 3522 2466 3591 apparebit,

136 3613 315 3683 impiis
350 3618 469 3667 tunc
502 3613 921 3681 persecutoribus
959 3612 1096 3664 ultra
1129 3612 1326 3663 modum
1362 3610 1733 3666 saevientibus.
1770 3640 1841 3651 -—-
1876 3611 2019 3665 'l'unc
2065 3613 2247 3663 stellae
2285 3612 2469 3664 cadent

139 3703 204 3756 de
241 3702 403 3770 coelo,
442 3705 493 3753 et
528 3702 747 3754 virtutes
784 3701 1038 3754 coelorum
1074 3700 1424 3766 movebuntur,
1461 3699 1694 3768 quoniam
1731 3699 1902 3765 multi,
1939 3702 2022 3769 qui
2059 3696 2232 3767 gratia
2265 3699 2466 3766 fulgere

138 3791 466 3857 videbantur,
498 3789 920 3873 perseguentibus
958 3788 1141 3841 eedeut
1176 3794 1229 3840 et
1263 3788 1459 3840 cadent.
1514 3788 1562 3839 A
1598 3783 1695 3855 qua
1728 3787 2152 3854 interpretatione
2186 3804 2251 3840 ne
2290 3789 2465 3858 Chry-

142 3885 415 3934 sostomus
442 3879 638 3947 quidem
659 3879 811 3945 plane
842 3878 1046 3931 alienus
1081 3876 1195 3950 fuit.
1234 3877 1553 3941 Origenes
1591 3882 1776 3946 autem,
1813 3894 2092 3947 quanquam
2125 3878 2257 3929 hanc
2290 3879 2465 3932 iuter-

139 3971 482 4040 pretationem
512 3973 565 4021 et
589 3969 703 4037 ipse
729 3968 927 4021 videret
959 3969 1015 4034 (l.
1038 3983 1082 4020 c.
1103 3982 1148 4020 c.
1175 3965 1288 4032 49),
1321 3967 1383 4018 ad
1407 3966 1563 4018 aliam
1586 3972 1757 4019 tamen
1784 3983 1846 4020 se
1878 3968 2145 4021 convertit.
2170 3970 2234 4023 cf.
2254 3975 2359 4021 not.
2381 3969 2466 4024 22.

285 4062 376 4127 22)
406 4060 665 4126 Origenes
682 4058 872 4111 mavult
888 4063 978 4109 aut
998 4058 1319 4126 spiritualem
1339 4061 1391 4108 et
1406 4071 1685 4123 perennem
1706 4057 1904 4110 Christi
1924 4059 2193 4136 adventum
2207 4060 2259 4111 in
2277 4059 2463 4112 animis

142 4154 198 4202 et
231 4148 285 4201 in
322 4148 561 4216 ecclesia,
600 4152 755 4215 atque
781 4145 1066 4199 certamina
1107 4145 1222 4198 inde
1273 4144 1490 4197 oriunda
1525 4145 1610 4198 hic
1645 4161 1888 4212 eernere3
1941 4145 2030 4211 (cf.
2068 4148 2307 4203 Ambros.
2343 4150 2379 4202 1.
2418 4165 2464 4203 c.

144 4237 294 4303 20⁷.)
332 4242 419 4289 aut
453 4235 555 4289 auc
588 4236 738 4305 plane
775 4249 838 4286 se
873 4240 1193 4287 convertere.
1266 4234 1458 4301 Monet,
1498 4233 1758 4286 Christum
1791 4234 2026 4286 dixisset
2062 4235 2184 4288 Vidi
2221 4238 2467 4290 satanam

145 4327 209 4380 de
245 4323 392 4380 coelo
427 4326 688 4380 cadentem
722 4320 948 4391 fulguris
983 4319 1157 4377 instar
1189 4320 1319 4375 Luc.
1353 4321 1425 4391 X,
1461 4322 1547 4374 18.
1617 4321 1793 4392 Itaque
1826 4322 1962 4377 hune
1998 4337 2211 4379 sensum
2245 4324 2465 4394 reperite
