2934 4797
1250 272 1334 341 39

113 456 260 536 quis
312 472 466 533 gens
512 454 858 517 christiana.
907 488 991 500 —-
1041 454 1166 517 Sed
1217 457 1475 535 positive
1517 470 1765 537 quoque
1814 456 1997 517 simili
2041 455 2227 517 modo
2270 455 2460 519 Evan-

112 561 361 640 gelium
404 560 731 640 procedet;
795 560 1054 640 primum
1102 561 1318 623 corda
1364 562 1740 641 singulorum
1792 560 2238 625 transformabit
2289 561 2458 644 (Luc.

111 669 276 741 vm,
332 667 474 749 15);
520 667 741 730 deinde
786 668 1011 731 faciem
1055 669 1239 730 totius
1286 687 1444 730 mun
1460 669 1527 731 di
1569 671 1977 742 commutabit,
2026 673 2127 731 cui
2171 676 2462 750 tanquam

113 776 496 839 fermentum
533 782 625 838 est
661 776 917 838 inditum
947 774 1178 857 (Matth.
1211 775 1306 848 IX,
1351 773 1451 840 16.
1500 776 1599 840 17.
1640 776 1847 855 parali.
1882 776 2030 849 VIII,
2074 777 2174 840 11.
2223 775 2319 850 XI,
2356 775 2459 841 11.

117 883 223 943 cll.
282 881 387 948 19.
435 879 716 948 25—30.
762 882 833 953 Χ,
880 878 1001 946 26ἷ·
1030 880 1163 963 27).
1213 882 1374 962 Ignis
1422 901 1725 945 accensus
1777 888 1874 944 est
1917 884 1980 943 in
2028 888 2226 954 terra,
2273 901 2459 945 nemo

117 992 441 1070 extinguet
485 1005 665 1068 eum,
709 988 813 1050 ubi
859 1006 1039 1053 urere
1088 990 1286 1069 coepit
1332 987 1569 1072 (Matth.
1614 989 1739 1062 XV,
1793 986 1918 1070 18).
2000 988 2074 1051 Et
2119 1007 2461 1069 quanquam

116 1100 371 1160 interna
401 1095 699 1177 evangelii
736 1094 1052 1174 majestate
1084 1102 1144 1157 et
1179 1095 1377 1159 divina
1410 1097 1699 1158 victoriae
1735 1112 1884 1156 suae
1925 1095 2283 1158 certitudine
2312 1094 2463 1157 illud

120 1205 515 1285 potissimum
561 1203 810 1284 dignum
859 1210 984 1276 est,
1033 1210 1099 1265 ut
1142 1223 1265 1265 non
1311 1202 1920 1275 turbulento‘modo,
1968 1202 2459 1265 nonfclamando

121 1317 186 1372 et
220 1307 672 1389 praecipitando
708 1310 930 1370 formas
969 1317 1208 1371 veteres
1244 1310 1504 1389 frangat,
1553 1315 1759 1371 tamen
1792 1308 2065 1370 Christus
2115 1313 2458 1372 certissime

118 1418 396 1488 sciebat,
451 1434 673 1478 novum
711 1417 915 1477 vinum
959 1414 1030 1476 ab
1069 1416 1201 1495 ipso
1250 1413 1497 1477 allatum
1542 1433 1732 1477 novos
1769 1398 1975 1476 uteres
2023 1434 2135 1478 suo
2181 1423 2458 1497 tempore

120 1526 489 1597 habiturum,
537 1542 658 1585 nec
704 1542 845 1585 sese
893 1525 1158 1596 venisse,
1205 1529 1274 1584 ut
1300 1529 1537 1589 vetusto
1574 1525 1936 1587 vestimento
1973 1542 2126 1586 nova
2163 1524 2461 1604 adjiceret

124 1639 481 1697 assumenta
529 1631 697 1714 (Luc.
728 1633 799 1704 V,
847 1629 1107 1698 36—39
1145 1631 1398 1713 parali.)‚
1449 1631 1562 1693 sed
1609 1649 1805 1712 genus
1852 1638 2128 1695 nostrum
2170 1639 2460 1711 tanquam

122 1742 441 1803 hominem
488 1740 690 1803 denuo
738 1747 946 1804 natum
994 1739 1163 1813 fore,
1232 1725 1331 1801 et*
1353 1742 1604 1804 omniuo
1651 1738 2029 1818 singulorum
2079 1745 2142 1802 et
2185 1743 2461 1820 gentium

129 1851 312 1912 vitam
351 1852 507 1913 nova
547 1849 730 1928 plane
777 1849 970 1910 forma
1013 1847 1293 1910 indutum
1338 1849 1429 1910 iri.
1526 1847 1697 1923 Quae
1755 1849 1960 1910 omnia
2005 1850 2084 1911 ‘ab
2133 1849 2459 1928 Evangelio

137 1956 301 2020 effici
349 1965 409 2039 et
451 1959 775 2038 praescivit
820 1957 1091 2028 Christus
1138 1958 1201 2018 e‘t
1245 1956 1466 2029 voluit,
1537 1975 1612 2018 eo
1658 1962 1862 2018 tamen
1903 1955 2146 2030 ordine,
2212 1964 2279 2020 ut
2321 1958 2459 2036 pri·

126 2084 316 2127 mum
364 2067 522 2128 inter
558 2065 822 2126 Judaeos
851 2064 1069 2127 sedem
1103 2066 1439 2144 reperiret,
1491 2061 1762 2124 deinde
1810 2061 1884 2124 ad
1928 2063 2201 2142 Paganos
2241 2065 2459 2126 transi-

128 2180 240 2245 ret,
282 2173 601 2253 denique
632 2173 709 2235 ad
735 2170 998 2235 Iudaeos
1035 2177 1459 2244 reverteretur,
1502 2169 1887 2251 eandemque
1911 2173 2187 2252 regulam
2225 2171 2461 2252 sapien-

126 2284 425 2346 tissimam
459 2288 716 2353 tenuere
766 2298 905 2342 cum
953 2281 1210 2360 apostoli
1254 2298 1505 2352 omneS,
1552 2286 1682 2342 tum
1731 2274 1874 2360 prae
1919 2279 2174 2361 reliquis
2219 2280 2459 2345 Paulus,

129 2391 301 2468 Quae
343 2391 542 2453 omnia
586 2391 926 2453 accuratius
974 2389 1484 2470 contemplemur.
2001 2372 2010 2383 ’

302 2497 692 2577 Evangelium
739 2498 1059 2576 perveniet
1101 2513 1222 2557 non
1270 2495 1347 2557 ad
1391 2491 1662 2557 Iudaeos
1710 2495 1928 2567 solum,
1975 2494 2090 2556 sed
2134 2495 2199 2557 in
2245 2496 2458 2557 orbem

127 2607 478 2668 universum
507 2603 742 2688 (Matth,
769 2602 916 2676 XIII,
950 2602 1058 2683 38)
1098 2601 1132 2667 ὁ
1162 2601 1225 2665 δὲ
1264 2598 1445 2685 ἀγρός
1480 2601 1636 2668 ἐστιν
1672 2599 1704 2665 ὁ
1738 2598 1986 2679 ’κόσμος.
2027 2594 2176 2675 VIII,
2212 2602 2313 2667 11.
2349 2602 2457 2667 12:

125 2714 276 2776 Dico
321 2699 494 2776 vobis
541 2713 713 2774 multi
762 2713 837 2773 ab
886 2709 1211 2772 occidente
1258 2714 1323 2769 et
1367 2709 1603 2770 oriente
1648 2687 1929 2780 rement,
1979 2713 2040 2770 et
2087 2719 2238 2769 cum·
2271 2708 2457 2771 Abra-

127 2821 304 2882 hamo
354 2827 415 2883 et
459 2820 664 2882 Isaaco
705 2825 766 2881 et
810 2818 1036 2881 Jacobo
1084 2815 1391 2880 sedebunt
1430 2818 1495 2877 in
1540 2816 2111 2894 regno‘coelorum,
2158 2814 2264 2878 filii
2308 2835 2455 2880 vero

133 2930 304 3008 regni
342 2926 666 3006 ejicientur
707 2927 771 2989 in
816 2927 1098 2987 tenebras
1147 2931 1400 2996 exteras,
1446 2924 1552 2984 ubi
1590 2919 1852 2984 ululatus
1901 2923 2013 2985 erit
2059 2921 2455 3004 dentiumque

14 3087 17 3096 .
130 3035 349 3097 stridor
395 3034 496 3117 (cf.
545 3032 694 3094 Luc.
725 3032 872 3119 XIII,
919 3030 1053 3114 29).
1097 3029 1333 3093 Eodem
1375 3030 1641 3108 pertinet
1684 3027 1891 3092 Matth.
1937 3028 2045 3101 XI,
2094 3025 2202 3094 27.
2229 3037 2456 3110 potes-

128 3152 220 3206 tas
264 3144 408 3204 mihi
456 3140 587 3203 data
634 3149 729 3206 est
771 3143 833 3202 in
873 3141 1066 3203 coelis
1115 3145 1177 3202 et
1218 3140 1378 3201 terra
1425 3137 1611 3218 (XXI,
1657 3136 1764 3202 43.
1822 3137 1898 3199 cf.
1945 3136 2157 3203 Matth.
2202 3135 2453 3232 XXVIII,

136 3249 235 3318 19.
283 3249 404 3314 Mc.
450 3249 600 3322 XVI,
655 3248 757 3314 15.
800 3246 927 3331 16.)

305 3360 431 3422 Sed
464 3362 771 3440 primum
807 3358 995 3421 voluit
1027 3356 1276 3418 ,Iudaeis
1318 3355 1700 3436 evangelium
1735 3354 2070 3434 praedicari
2083 3374 2099 3428 ;
2148 3372 2448 3436 suumque

126 3468 451 3548 judicavit,
506 3483 623 3548 per
666 3471 1021 3529 terrestrem
1063 3465 1250 3525 vitam
1302 3462 1549 3524 nonnisi
1594 3461 1868 3542 perditas
1917 3479 1990 3523 ex
2032 3461 2254 3542 Israffle
2304 3482 2451 3527 oves

137 3583 453 3655 quaerere,
494 3582 555 3636 et
598 3574 771 3654 pauci
807 3572 913 3643 illi,
963 3572 1180 3650 quibus
1219 3569 1497 3633 salutaris
1537 3587 1674 3631 cum
1716 3569 1952 3632 Christo
1988 3586 2182 3636 nexus
2220 3571 2448 3650 obtigit,

137 3684 290 3744 hanc
334 3698 610 3742 normam
655 3699 779 3742 non
825 3655 1068 3750 tollunt,
1117 3675 1232 3740 sed
1276 3677 1602 3739 stabiliunt.
1667 3674 1831 3754 Magi
1877 3674 2319 3759 enim-(Matth.
2346 3667 2450 3760 11.)

140 3790 406 3852 centurio
441 3767 677 3870 (Matth.
709 3785 862 3858 VIII,
895 3783 999 3860 10)
1046 3783 1265 3845 mulier
1293 3783 1648 3845 chananaea
1678 3780 1911 3865 (Matth.
1939 3781 2066 3855 XV,
2097 3782 2203 3848 21.
2233 3783 2341 3865 28)
2391 3791 2453 3847 et

139 3899 541 3961 Samaritanus
579 3895 705 3967 ille,
754 3893 925 3973 cujus
954 3893 1186 3972 lepram
1214 3898 1482 3953 sanatam
1518 3891 1705 3952 refert
1731 3889 1878 3954 Luc.
1908 3887 2083 3962 XVII,
2134 3889 2233 3963 15,
2280 3899 2447 3955 ante-

138 4013 367 4070 vortunt
396 4005 631 4067 Christo
676 4004 810 4083 ipso
849 4000 1059 4081 judice
1105 3998 1248 4061 fidei
1294 4019 1414 4061 non
1452 4000 1833 4081 popularium
1870 4000 2070 4061 solum
2113 3999 2228 4062 sed
2264 4002 2445 4064 etiam

137 4114 559 4185 Israelitarum3
604 4107 724 4174 nec
754 4109 1241 4183 admittebantur,
1290 4110 1424 4190 quia
1459 4109 1674 4190 pagani
1701 4113 1890 4180 erant,
1940 4106 2055 4169 sed
2100 4125 2444 4191 quanquam

13 4219 27 4306 ξ
140 4223 210 4286 ad
242 4224 527 4285 lsraelem
568 4239 690 4283 non
727 4219 1126 4300 pertinebant.
1171 4217 1342 4281 Idem
1388 4221 1695 4281 cernimus
1743 4234 1818 4278 ex
1858 4214 2071 4281 Matth.
2117 4214 2188 4290 X,
2237 4215 2315 4282 5:
2362 4238 2441 4282 ne

143 4334 278 4400 eatis
304 4331 370 4393 in
403 4346 772 4411 paganorum
806 4328 936 4391 vias
976 4334 1036 4391 et
1064 4315 1579 4391 Samaritanorum
1615 4325 1821 4388 urbes.
1851 4322 1930 4389 cf.
1960 4323 2110 4391 Luc.
2140 4324 2290 4399 XIII,
2334 4323 2436 4391 16.
