2934 4797
1548 224 1645 307 22.

423 445 565 484 νων
604 421 780 499 plane
825 427 1167 500 repugnant
1200 422 1472 493 conatui,
1522 419 1598 481 ad
1647 422 1862 483 incerti
1902 422 2081 501 plane
2121 422 2411 501 temporis
2463 426 2758 482 eventum

429 535 489 589 et
550 542 734 606 saepe
789 526 1151 588 redeuntem
1209 529 1340 606 ipsa
1397 525 1725 588 referendi.
1811 527 1877 588 Si
1928 533 2181 590 eventus
2219 545 2331 607 per
2360 529 2564 589 omnia
2602 533 2756 588 tem-

426 650 570 713 pora
615 650 941 694 recurrens
979 632 1259 712 parusiae
1290 631 1510 695 Christi
1548 633 1786 712 signum
1824 640 1939 705 est,
1986 634 2230 713 parusia
2261 634 2484 696 Christi
2512 650 2761 713 quoque

426 746 698 801 recurret
751 736 1125 810 identidem,
1193 739 1309 800 erit
1376 740 1695 810 continua.
1760 756 1879 805 nec
1941 737 2017 800 de
2080 737 2278 800 reditu
2332 739 2408 800 ad
2456 736 2766 817 judicium

424 847 718 927 peculiari
786 844 1184 924 loquendum.
1294 843 1423 906 Sed
1485 851 1800 926 praeterea
1858 844 2013 905 aliae
2075 862 2296 907 causae
2357 845 2764 926 refragantur.

426 952 581 1014 Nam
626 949 971 1030 negandum
1021 968 1297 1030 quoque,
1366 946 1467 1031 τὴν
1509 952 1721 1033 θλίψιν
1762 970 1818 1015 v,
1866 949 1949 1017 29
1995 950 2205 1013 referri
2244 969 2425 1032 posse
2466 950 2543 1013 ad
2577 950 2769 1012 Pseu-

432 1058 836 1140 doprophetas
886 1054 997 1137 (vv,
1057 1054 1365 1137 23-26).
1458 1058 1702 1140 Θλίψις,
1726 1065 1820 1121 est
1862 1061 1963 1121 θλ.
2012 1064 2130 1121 τῶν
2173 1054 2408 1141 ἡμερῶν
2450 1058 2773 1122 ἐκείνων

431 1201 512 1212 ——
571 1148 683 1228 sed
736 1162 963 1246 ἡμέρας
1018 1170 1078 1224 et
1134 1170 1404 1244 tempora
1455 1176 1558 1226 vv,
1608 1161 1899 1230 24-26
1955 1183 2079 1226 non
2132 1167 2407 1245 reperies
2462 1164 2771 1236 indicata;

427 1291 483 1335 ν.
523 1270 606 1335 23
656 1266 1083 1350 deprehendes
1130 1265 1266 1333 τότε
1308 1305 1396 1318 --
1445 1268 1560 1345 sed
1607 1276 1885 1350 apparet,
1941 1269 2269 1332 Ebrardum
2313 1289 2525 1351 parum
2560 1290 2763 1352 prom-

427 1387 556 1441 tum
591 1377 754 1451 fore,
804 1383 869 1441 ut
912 1371 1049 1439 voci
1096 1374 1232 1442 τότε
1279 1410 1363 1423 —-·
1412 1383 1700 1451 annectat
1744 1379 1929 1441 verba
1973 1379 2204 1452 εὐθέως
2250 1380 2313 1443 δὲ
2358 1377 2509 1459 μετὰ
2554 1402 2602 1444 τ.
2649 1385 2768 1445 θλ.

430 1511 478 1550 κ.
525 1508 576 1547 τ.
624 1489 676 1549 λ.
738 1483 978 1547 Deinde
1021 1484 1302 1567 θλίψις
1346 1501 1469 1544 non
1516 1489 1833 1563 usurpatur
1880 1483 1964 1545 de·
2004 1483 2364 1549 seductione
2412 1492 2476 1547 et
2522 1486 2768 1551 defect-

429 1592 586 1654 ionis
614 1592 920 1670 periculo,
960 1590 1072 1652 sed
1101 1589 1180 1652 de
1210 1591 1578 1662 calamitate,
1620 1592 1836 1655 invitis.
1855 1590 2098 1655 inflicta.
2127 1592 2204 1654 cf.
2235 1592 2445 1654 Matth.
2473 1592 2676 1666 XXIV,
2694 1593 2765 1661 9.

429 1696 564 1762 τότε
597 1694 1058 1782 παραδώσουσιν
1093 1695 1249 1787 ὑμᾶς
1284 1698 1368 1770 εἰς
1393 1698 1608 1781 θλίψιν
1633 1698 1730 1761 καὶ
1756 1698 2170 1762 ἀποκτενοῦσιν
2196 1697 2372 1777 ὑμᾶς.
2411 1699 2585 1761 Rom.
2608 1699 2769 1771 VIII,

432 1804 534 1871 35.
626 1806 906 1886 Denique
961 1822 1140 1885 supra
1199 1806 1581 1877 monuimus,
1639 1800 1741 1887 τὴν
1782 1807 1996 1897 θλίψιν
2038 1812 2155 1871 τῶν
2197 1804 2294 1889 ἡμ.
2354 1805 2432 1872 ἐκ.
2483 1807 2574 1889 (ν.
2636 1805 2767 1888 29)

431 1934 551 1977 non
599 1932 784 1994 posse
828 1932 953 1976 non
997 1915 1311 1994 respicere
1359 1912 1437 1974 ad
1481 1932 1537 1976 v.
1586 1912 1688 1978 21·
1716 1909 1816 1995 τὴν
1857 1913 2070 1997 θλίψιν
2112 1913 2377 1997 μεγάλην,
2426 1921 2490 1976 et
2532 1913 2607 1977 ad
2644 1917 2765 1977 ite-

430 2029 589 2085 ratas
625 2041 681 2087 v,
712 2021 799 2086 22
834 2039 1020 2085 voces
1066 2021 1133 2085 αἱ
1164 2016 1376 2104 ἡμέραι
1410 2020 1642 2097 ἐκεῖναι,
1686 2023 1726 2083 i.
1769 2040 1826 2087 e.
1866 2023 2077 2085 referri
2104 2020 2177 2085 ad
2205 2022 2772 2101 Hierosolymorum

433 2129 752 2193 excidium.
841 2128 996 2209 Illud
1039 2128 1271 2191 vidisse
1315 2130 1592 2208 suspicor
1637 2144 1784 2201 eos,
1845 2130 1947 2210 qui
1995 2128 2096 2208 (cf.
2144 2137 2271 2194 not.
2323 2127 2388 2211 9)
2438 2131 2620 2191 etiam
2659 2148 2766 2225 yv.

317 2326 325 2334 ,
428 2239 598 2311 illoS,
664 2239 767 2319 qui
839 2233 936 2318 τὴν
1001 2237 1214 2320 θλίψιν
1273 2233 1522 2319 μεγάλην
1581 2244 1642 2301 et
1693 2234 1918 2320 ἡμέρας
1975 2237 2197 2310 ἐκείνας
2258 2243 2759 2311 commemorant,

432 2343 547 2429 (vv,
578 2344 682 2411 21.
715 2341 848 2428 22.)
888 2343 965 2408 ad
1010 2351 1282 2426 tempora
1330 2350 1597 2408 extrema
1640 2343 1995 2408 referendos
2039 2351 2418 2430 putaverunt.
2463 2345 2595 2408 Sed
2629 2365 2764 2427 par-

430 2454 612 2517 ticula
666 2449 772 2537 γὰρ
831 2454 1007 2533 plane
1069 2455 1254 2517 invita
1312 2453 1429 2515 hoc
1489 2452 1622 2514 fieri
1680 2454 1889 2534 nequit
1947 2452 2182 2537 (Mutia.
2238 2453 2435 2526 XXIV,
2486 2453 2590 2519 21.
2637 2453 2767 2517 Μο.

430 2560 595 2633 Xlll,
656 2560 758 2625 19.
820 2559 967 2625 Luc.
1015 2558 1182 2633 XXI,
1230 2557 1363 2641 23).
1446 2559 1597 2621 Nam
1645 2562 1979 2639 propositio
2025 2580 2080 2624 v.
2131 2560 2217 2625 22
2263 2578 2515 2624 causam
2557 2560 2764 2633 affert,

434 2686 543 2728 cur
588 2664 805 2729 deceat
845 2668 1104 2746 precari,
1150 2673 1221 2728 ut
1265 2665 1557 2745 effugium
1601 2666 2026 2729 nanciscantur
2051 2666 2155 2727 illo
2193 2674 2466 2747 tempore
2503 2666 2767 2730 Judaeis

426 2775 668 2836 funesto
727 2774 946 2836 saltem
999 2772 1251 2836 fideles.-
1288 2810 1374 2823 -
1421 2772 1629 2848 Quare
1674 2773 2003 2837 mittendos
2049 2781 2194 2853 puto
2242 2777 2436 2837 varios
2482 2776 2597 2838 hos
2657 2795 2762 2838 co-

430 2889 627 2954 natus,
671 2889 835 2945 textu
878 2888 1175 2944 renuente
1223 2881 1553 2944 incisuram
1599 2900 1634 2944 a
1677 2900 1859 2946 versu
1905 2880 1989 2948 29
2036 2882 2098 2943 in
2144 2884 2489 2961 priorem
2543 2885 2763 2964 capitis

428 2996 662 3071 partem
706 2991 1174 3054 translocantes.
1215 2989 1531 3064 Videmus,
1577 3010 1631 3053 v.
1683 2989 1770 3056 29
1818 2997 2027 3071 aperte
2074 2990 2314 3069 regredi
2355 2991 2438 3053 ad
2472 2991 2762 3053 Hieroso-

431 3099 729 3178 lymorum
789 3096 1268 3162 devastationem
1327 3111 1654 3177 rerumque
1703 3096 2086 3166 ¹Iudaicarum
2125 3097 2384 3160 ‘cladem
2429 3116 2482 3160 v.
2533 3097 2619 3165 22
2664 3101 2765 3161 ah-

433 3206 718 3275 solutam,
768 3202 1103 3285 eademque
1150 3203 1333 3268 verba
1375 3210 1735 3285 repetuntur
1775 3224 1830 3268 v.
1880 3202 1964 3270 29
2008 3206 2251 3287 θλίψις,
2283 3204 2495 3289 ἡμέραι
2529 3206 2764 3284 ἐκεῖναι,

432 3331 509 3375 ne
569 3312 761 3373 ullum
823 3314 1018 3391 possit
1083 3311 1159 3373 de
1223 3311 1341 3372 hoc
1387 3312 1675 3374 orationis
1746 3329 2033 3392 regressu
2097 3310 2347 3376 dubium
2410 3329 2757 3375 remanere.

612 3417 847 3492 Quodsi
875 3421 1077 3499 itaque
1109 3421 1172 3480 in
1202 3418 1487 3481 confesso
1507 3418 1705 3480 -debet
1734 3433 1902 3493 esse,
1943 3437 2124 3481 versu
2153 3417 2236 3483 29
2267 3419 2553 3482 orationis
2583 3426 2762 3482 teno-

434 3547 566 3590 rem
592 3529 837 3590 annecti
866 3526 1148 3587 commati
1176 3524 1280 3598 22,
1316 3525 1499 3587 simul
1527 3532 1711 3605 patet,
1740 3539 1951 3588 versus
1981 3524 2417 3603 interjacentes
2448 3523 2759 3604 (23-28)

438 3634 794 3717 appendicis
839 3634 978 3695 loco
1024 3636 1257 3714 positos
1303 3650 1466 3694 esse.
1561 3630 1696 3706 Qua
1742 3630 2079 3714 appendice
2120 3632 2425 3694 Christum
2470 3632 2757 3713 quodam-

437 3743 621 3804 modo
678 3740 998 3803 transitum
1055 3757 1265 3820 parare
1325 3739 1403 3802 ad
1458 3758 1565 3812 ea,
1625 3727 1804 3820 quae*
1829 3757 1881 3801 v.
1933 3737 2016 3804 29
2065 3757 2156 3819 sq.
2202 3738 2414 3812 edixit,
2475 3739 2756 3802 Iubenter

439 3851 661 3913 fateor:
709 3851 930 3930 quippe
975 3855 1112 3929 post
1155 3846 1452 3909 Iudaismi
1500 3846 1739 3909 cladem
1783 3845 2113 3925 singularia
2162 3846 2460 3923 quaedam
2486 3847 2754 3926 pericula

442 3959 745 4021 ecclesiae
782 3957 1130 4030 imminere,
1176 3955 1467 4018 Dominus
1505 3935 1779 4020 videbat:
1828 3959 1889 4016 et
1932 3952 2005 4014 ab
2050 3953 2124 4014 iis
2172 3961 2236 4016 ut
2278 3972 2422 4016 suos
2467 3960 2752 4027 tueretur,

446 4068 506 4129 ei
566 4082 749 4126 curae
811 4082 950 4127 esse
1008 4062 1302 4127 videmus.
1397 4062 1525 4134 Sed
1577 4062 1855 4126 versibus
1901 4057 2192 4125 23—28
2236 4067 2473 4142 tempus
2523 4069 2752 4125 certum

443 4171 730 4245 indicari,
797 4179 899 4234 aut
952 4173 1293 4236 vaticinium
1339 4173 1609 4236 historici
1657 4171 1969 4251 cujusdam
2018 4170 2214 4232 eventi
2257 4173 2547 4250 proponi,
2596 4170 2753 4249 quod

446 4284 686 4366 signum
728 4279 932 4346 haberi
980 4282 1123 4344 velit
1169 4281 1436 4343 Christus
1483 4280 1736 4344 ultimae
1783 4279 1904 4344 diei
1948 4280 2214 4359 proxime
2261 4280 2565 4351 instantis,
2625 4297 2750 4358 per·
