2934 4797
1270 273 1356 342 43

153 472 315 536 gare.
406 456 564 518 Ecce
632 453 833 518 acdes-
886 459 1086 519 vestra
1149 455 1319 518 vobis
1382 456 1794 534 relinquetur-3
1867 453 1904 514 i.
1973 472 2030 517 e.
2093 454 2296 525 DeuS‚
2369 454 2473 533 qui

153 581 263 645 per
291 581 394 624 me
421 564 581 626 inter
615 583 722 627 vos
755 563 869 625 fuit
905 565 1152 643 gratiam
1191 580 1361 625 suam
1396 563 1709 634 revelanS,
1752 560 1881 640 jam
1911 542 2163 623 recedet
2200 578 2236 621 a
2265 560 2474 622 vobis:

152 688 261 733 vos
311 673 413 749 qui
458 672 547 732 nil
596 674 763 743 estis,
811 672 929 733 nisi
969 673 1116 732 estis
1145 671 1255 734 Dei
1303 671 1585 753 populus,
1635 671 1768 731 sine
1811 670 1924 731 Dei
1971 670 2258 731 clementi
2303 686 2478 749 prae-

153 779 354 839 sentia
403 763 590 839 eritis.
664 778 739 838 Et
781 774 1127 839 Matthaeus
1195 775 1389 839 additt
1447 775 1723 849 „Domus
1777 781 1978 837 vestra
2023 773 2263 836 deserta
2308 774 2479 836 vobis

151 883 527 960 relinquetur
572 881 759 966 (quod
786 882 932 944 Luc.
972 883 1153 946 habet
1193 901 1247 947 c.
1274 881 1423 956 XIX,
1455 878 1591 963 44).
1634 882 1784 943 Dico
1831 881 1990 942 enim
2027 882 2218 953 vohis,
2259 880 2477 943 exinde

151 1006 255 1051 me
305 1007 429 1050 non
477 992 734 1073 amplius
775 990 1129 1056 videbitiS.“
1190 989 1360 1052 Haec
1405 989 1586 1053 verba
1632 1008 1665 1051 a
1696 989 1931 1051 Christo
1979 987 2139 1050 dicta
2176 1007 2315 1050 esse
2353 1008 2478 1050 non

155 1116 232 1159 eo
279 1097 435 1171 loco,
488 1117 607 1178 quo
652 1098 851 1162 Lucas
897 1098 1039 1171 vult,
1089 1097 1200 1160 sed
1250 1117 1368 1178 quo
1396 1097 1755 1171 Matthaeu3‚
1800 1097 1983 1161 verba
2026 1097 2159 1179 ipsa
2185 1095 2477 1169 indicant3

153 1210 306 1265 tunc
368 1207 534 1267 enim
592 1205 752 1268 dicta
817 1212 993 1277 sunt,
1056 1223 1196 1271 cum
1255 1205 1466 1267 ultima
1522 1206 1656 1269 vice
1705 1205 1974 1266 Christus
2033 1203 2381 1267 discederet
2441 1221 2477 1265 e

153 1311 388 1394 templo
436 1330 740 1392 nunquam
787 1331 862 1374 eo
908 1302 1249 1385 redituruS,
1316 1314 1437 1374 nisi
1484 1310 1558 1373 ad
1597 1309 2010 1390 judicandum.
2103 1309 2239 1384 Quo
2283 1311 2478 1389 magis

157 1419 638 1494 memorandum,
685 1422 870 1484 verba
913 1420 1017 1482 illa
1063 1419 1301 1482 funesta
1349 1427 1411 1483 et
1453 1420 1672 1481 acerba
1714 1437 1836 1480 non
1884 1417 2070 1481 finem
2112 1419 2300 1480 fuisse
2349 1434 2478 1480 ora-

157 1526 341 1589 tionis
402 1528 647 1589 ultimae
706 1528 768 1588 in
827 1490 1060 1609 templo
1117 1527 1373 1590 habitae.
1462 1525 1689 1588 Ultimo
1736 1543 1848 1589 suo
1892 1527 2077 1589 verbo
2123 1543 2244 1587 non
2291 1526 2481 1588 voluit

154 1632 472 1696 vaticinari
526 1636 865 1716 perniciem
922 1632 1293 1696 Judaeorum
1371 1635 1842 1714 sempiternam,
1917 1632 2028 1695 sed
2092 1650 2355 1714 poenam
2398 1633 2480 1694 ita

159 1743 516 1814 annunciat,
563 1748 631 1805 ut
675 1743 881 1804 salutis
927 1742 1159 1804 futurae
1215 1758 1393 1824 spem
1437 1740 1760 1820 relinquat.
1834 1740 1921 1803 lta
1969 1740 2132 1801 enim
2175 1739 2484 1802 concludit

161 1846 313 1911 Luc.
358 1845 467 1911 35.
510 1845 727 1915 Matth.
778 1846 895 1913 39:
942 1846 1176 1910 affirmo
1220 1848 1431 1919 vohis,
1478 1864 1587 1909 vos
1631 1864 1754 1907 non
1798 1848 1968 1928 prins
2011 1862 2110 1906 me
2157 1846 2481 1917 revisuros,

158 1964 339 2035 quam
382 1959 622 2043 tempus
667 1954 933 2025 venerit,
995 1971 1112 2034 quo
1158 1952 1410 2016 dicatis:
1474 1953 1847 2016 Benedictus
1905 1955 1983 2015 sit
2028 1950 2332 2036 (Messias)
2382 1952 2483 2032 qui

155 2063 323 2125 venit
365 2062 612 2129 nomine
654 2061 928 2123 Domini!
1005 2060 1304 2123 Locorum
1349 2061 1567 2122 horum
1613 2064 1841 2123 seriem
1884 2062 2062 2124 nobis
2107 2061 2483 2123 intuentibus

158 2168 309 2231 satis
364 2167 600 2241 elucet,
667 2168 1004 2230 clarissime
1067 2168 1307 2231 Christo
1359 2168 1534 2243 hunc·
1567 2169 1741 2248 regni
1802 2169 1898 2229 sui
1960 2174 2243 2231 eventum
2303 2175 2484 2247 atque

160 2274 491 2339 decursum
519 2276 900 2340 obversatum
944 2275 1168 2339 fuisset
1216 2278 1412 2359 primo
1456 2284 1731 2359 tempore
1765 2276 2090 2341 Christiani
2137 2294 2209 2339 ex
2235 2275 2485 2341 ludaeis

160 2382 381 2446 sedem
409 2376 726 2448 'ecclesiae
754 2385 1031 2467 primam·
1051 2382 1442 2458 obtinebunt3
1466 2382 1790 2478 ,deinceps
1830 2382 2095 2447 cessabit
2119 2380 2488 2448 Iudaeorum

168 2494 508 2565 conversio,
557 2510 722 2555 mora
768 2496 859 2554 eis
908 2511 1206 2555 concessa
1236 2492 1493 2566 finietur,
1522 2493 1766 2557 Judaica
1807 2511 1958 2573 gens
1993 2492 2182 2556 caede
2229 2500 2290 2555 et
2317 2495 2489 2558 clade

163 2601 417 2663 terribili
456 2603 756 2664 scelerum
801 2603 999 2684 poena
1040 2601 1402 2674 visitabitur3
1451 2609 1512 2663 et
1538 2602 1913 2682 Hegemonia
1942 2604 2005 2662 in
2036 2602 2351 2682 religionis
2397 2602 2489 2663 hi-

160 2683 341 2771 storia
367 2708 681 2787 hucusque
714 2710 959 2771 obtenta
988 2715 1269 2779 exuetun-
1291 2726 1446 2786 quae
1463 2708 1845 2787 Hegemonia
1873 2711 2043 2787 regni
2066 2709 2178 2769 Dei
2205 2709 2282 2771 ad
2305 2710 2489 2789 Paga-

159 2833 275 2877 nos
305 2814 685 2888 devolvetur3
734 2817 835 2893 qui
865 2801 979 2877 suo
1004 2822 1281 2896 tempore
1309 2815 1540 2877 fructus
1570 2831 1757 2894 regno
1787 2812 1988 2898 divino
2018 2813 2230 2895 dignos
2260 2814 2491 2878 ferrent

161 2921 398 3005 (Matth.
438 2921 602 2993 XXI,
647 2918 783 3004 43).
862 2922 1174 3003 Evangelii
1220 2941 1434 2984 semen
1483 2941 1595 3003 per
1638 2922 1850 2986 orbem
1895 2930 2210 3008 spargetur
2254 2923 2486 3002 (Matth.

159 3028 313 3102 Xlll,
364 3027 471 3105 38)
520 3017 591 3089 et'
627 3027 702 3090 ad
746 3030 1020 3108 singulos
1069 3046 1343 3111 quosque
1389 3029 1671 3091 homines
1717 3031 1778 3090 in
1823 3030 1981 3091 terra
2026 3031 2301 3092 viventes
2347 3048 2486 3111 pcr-

159 3138 402 3208 veniet,
468 3141 536 3197 ut
589 3138 763 3199 crisis
820 3154 1135 3218 suprema,
1199 3143 1301 3199 aut
1351 3139 1510 3204 vitae
1563 3146 1663 3200 aut
1706 3138 1952 3209 mortis,
2019 3136 2096 3199 de
2146 3140 2261 3218 qua
2309 3155 2489 3220 supra

169 3241 459 3315 vidimus,
519 3243 723 3305 locum
767 3241 1016 3316 habeat,
1082 3244 1219 3305 sine
1278 3245 1392 3323 qua
1441 3242 1669 3321 jndicio
1718 3250 1986 3305 extremo
2033 3244 2235 3305 nullus
2280 3252 2493 3325 posset

164 3354 338 3414 locus
388 3369 548 3413 esse.
638 3352 917 3431 Regnum
960 3353 1076 3416 Dei
1118 3353 1200 3416 ita
1245 3353 1442 3414 arbori
1488 3353 1656 3433 quasi
1702 3351 1901 3414 simile
1950 3355 2096 3424 erit,
2146 3353 2229 3415 cf.
2275 3351 2490 3418 Matth.

171 3457 340 3530 xm,
390 3455 494 3522 31.
544 3455 661 3530 32,
726 3464 920 3520 totum
964 3457 1175 3520 orbem
1216 3466 1514 3521 terrarum
1560 3458 1963 3532 obumbranti,
2013 3461 2054 3523 i.
2104 3478 2160 3523 e.
2207 3459 2490 3521 omnibus

167 3565 515 3627 hominihus
545 3566 817 3628 umbram
844 3565 1191 3647 praebenti:
1230 3573 1291 3629 et
1333 3567 1633 3628 fermento
1656 3564 1869 3629 Matth.
1899 3563 2049 3639 xm,
2090 3564 2173 3632 33
2221 3584 2492 3629 massam

167 3680 358 3736 totam
398 3674 780 3736 fermentanti
829 3672 929 3755 (cf.
979 3672 1100 3737 Mc.
1146 3671 1309 3748 xv1,
1362 3672 1463 3740 16.
1510 3674 1720 3737 Matth.
1767 3673 2025 3747 xxvm,
2078 3674 2180 3741 19.
2228 3673 2358 3755 20).
2403 3674 2490 3736 lta

170 3781 562 3862 Evangelium
622 3789 895 3862 spretum
928 3783 1039 3843 *ab*
1087 3783 1301 3845 ovibus
1351 3782 1598 3864 perditis
1645 3782 1883 3844 Israelis
1931 3779 2164 3862 (Matth.
2191 3782 2330 3855 'XV,
2379 3779 2489 3864 24)

179 3906 253 3950 ex
295 3887 413 3950 alio
459 3888 602 3951 ovili
647 3907 894 3970 gregem
938 3901 1116 3952 suum
1165 3889 1396 3969 colligit
1440 3888 1555 3967 (cf.
1593 3887 1762 3951 Joan.
1799 3887 1870 3960 X,
1924 3885 2043 3972 16)
2090 3889 2224 3952 voci
2270 3887 2493 3952 Christi

177 3995 699 4078 obtemperantem
744 3996 843 4076 (cf.
882 3995 1057 4062 Joan.
1101 3994 1172 4069 X,
1225 3994 1350 4077 16).
1444 3994 1572 4058 Sed
1619 3996 1794 4057 sicuti
1842 3992 1999 4077 apud
2036 3992 2490 4060 loanneman-

178 4105 420 4168 nunciat
455 4124 512 4168 v,
547 4101 660 4168 16:
699 4099 992 4185 γενήσεται
1025 4105 1134 4183 μία
1159 4105 1390 4184 ποίμνη,
1420 4099 1503 4175 εἷς
1537 4098 1766 4182 ποιμήν,
1811 4103 1893 4162 ita
1941 4098 2101 4181 apud
2128 4099 2490 4166 Matthaeum

180 4231 417 4296 quoque
447 4212 673 4297 (XXIII,
701 4210 813 4293 39)
843 4230 965 4280 non
1001 4229 1247 4273 omnem
1275 4212 1482 4274 salutis
1512 4229 1687 4293 spem
1715 4209 1879 4288 genti
1902 4206 2181 4286 iudaicae
2228 4213 2487 4292 primum

182 4320 427 4402 quidem
470 4317 885 4383 excludendae
930 4318 1295 4402 praecludit:
1356 4317 1469 4381 sed
1513 4324 1654 4401 post
1699 4316 1818 4380 duo
1864 4318 2158 4399 temporis
2195 4315 2488 4381 messiani
