2934 4797
1574 259 1657 326 10

442 436 580 498 fi'nis
624 437 1007 517 prophetiae,
1077 440 1385 519 satiusque
1444 456 1607 499 eum⁴
1641 439 1884 502 duxisse
1944 439 2228 512 credam,
2289 446 2533 513 tacere,
2594 458 2808 521 quam

445 545 718 623 speciem
779 562 1058 617 movere,
1135 563 1203 606 se
1275 546 1550 608 altiorem
1619 566 1823 610 rerum
1889 554 2290 611 extremarum
2363 550 2809 629 cognitionem

448 651 693 725 habere,
740 654 1102 733 praesertim
1141 670 1325 733 quum
1373 662 1634 717 eventus·
1666 656 1755 718 illi
1793 657 2037 735 singuli,
2083 676 2118 719 a
2160 674 2317 718 nexu
2349 655 2534 719 ideali
2578 663 2640 720 et
2690 662 2809 719 te.-

441 758 744 840 leologico
793 760 997 832 avulsi,
1033 776 1080 832 'a
1129 760 1265 820 loco
1314 779 1425 822 suo
1466 765 1751 842 organico
1792 762 2027 842 depulsi
2063 764 2374 843 religionis
2413 770 2475 825 et
2507 764 2804 826 veritatis

440 885 649 947 parum
693 867 948 942 habere,
998 868 1271 953 caliginis
1321 875 1382 931 et
1428 873 1649 933 erroris
1694 872 1948 934 multum
1996 872 2156 933 ciere
2202 876 2388 951 posse
2435 870 2801 937 videantur.

442 974 651 1055 ltaque
713 977 765 1036 si
815 976 1047 1037 Christo
1104 993 1225 1036 non
1280 977 1559 1055 μαντείαν
1618 976 1728 1039 sed
1773 978 2150 1058 prophetiam
2197 975 2619 1057 adscripseris,
2689 978 2804 1039 vix

440 1082 547 1143 tibi
587 1081 1015 1161 persuadebis,
1065 1099 1234 1154 eum,
1285 1085 1387 1162 qui
1433 1074 1757 1146 nesciverit
1794 1084 1956 1146 diem
1999 1092 2060 1148 et
2096 1085 2307 1147 horam
2341 1084 2579 1164 judicii,
2631 1102 2797 1147 nes-

447 1189 666 1252 civisse
715 1189 932 1260 etiam,
994 1206 1113 1269 quo
1152 1189 1401 1269 singula·
1442 1191 1850 1269 pertinerent,
1913 1210 2069 1272 quae
2119 1189 2431 1271 discipulis
2477 1193 2606 1252 suis
2650 1198 2795 1253 tra-

443 1294 639 1356 denda
681 1297 929 1374 putavit.
1003 1295 1071 1356 Si
1109 1296 1452 1368 nesciebat,
1500 1294 1703 1376 μάντις
1739 1297 1950 1360 forsan
1996 1304 2152 1371 erat,
2202 1300 2475 1377 cognitas
2512 1296 2792 1360 habebat

440 1419 540 1463 res
578 1401 856 1481 pusillas,
910 1418 965 1464 e.
996 1418 1052 1479 g.
1083 1408 1283 1464 terrae
1313 1410 1510 1465 motus
1543 1411 1683 1476 etc„
1730 1404 2044 1467 nesciebat
2076 1422 2326 1484 magna,
2372 1406 2412 1464 i.
2457 1422 2511 1465 e.
2544 1423 2789 1467 nexum

443 1508 816 1589 singulorum
864 1513 1186 1570 eventuum
1229 1526 1368 1569 cum
1413 1511 1651 1571 interna
1678 1511 1870 1589 'regni
1916 1511 2012 1573 sui
2056 1510 2262 1572 indole
2309 1510 2779 1590 teleologicum.

440 1615 545 1677 Sin
578 1620 831 1678 eventus
861 1614 1131 1689 sciebat,
1181 1615 1455 1679 ordinem
1483 1635 1688 1678 rerum
1715 1618 2063 1691 nesciebat,
2113 1617 2226 1680 sed
2272 1620 2521 1680 nonnisi
2563 1617 2643 1680 de
2696 1637 2782 1681 eo

444 1721 741 1804 quaedam
787 1721 1190 1801 conjiciebat;
1237 1742 1361 1785 non
1396 1725 1589 1804 potuit
1626 1725 1781 1787 sine
1822 1724 2128 1806 peccato
2159 1725 2437 1788 ordinem
2465 1728 2776 1788 incertum

437 1829 704 1894 vendere
749 1849 857 1910 pro
906 1831 1286 1905 certissimo,
1334 1831 1749 1911 conjecturam
1793 1851 1902 1913 pro
1947 1833 2266 1913 prophetia
2313 1833 2394 1916 (e.
2444 1853 2501 1913 g.
2548 1852 2606 1898 V.
2657 1831 2774 1898 29.

439 1939 536 2001 cll.
589 1935 718 2020 35).
813 1937 1081 2011 Rursus,
1147 1940 1209 2009 si¹
1248 1940 1521 2003 Christus
1570 1959 1675 2014 ea,
1743 1958 1896 2020 quae
1958 1957 2068 2003 suo
2125 1937 2280 2003 loco'
2328 1944 2529 2021 posita
2591 1958 2777 2002 suam

438 2045 664 2108 habent
707 2047 1173 2120 necessitatem,
1242 2065 1419 2109 suum
1465 2042 1755 2122 sensum,
1819 2047 1936 2109 alio
1990 2047 2128 2110 loco
2174 2050 2368 2129 posita
2416 2049 2656 2112 videbat
2708 2054 2776 2110 et

441 2152 850 2226 edisserebat,
909 2151 1038 2230 jam
1086 2151 1166 2215 ad
1219 2155 1518 2216 alteram
1574 2156 1926 2235 opinionem
1983 2161 2341 2246 perventum
2404 2163 2534 2218 est:
2598 2156 2641 2217 i.
2710 2171 2770 2215 e.

440 2260 711 2322 Christus
757 2259 888 2338 ipse
938 2260 1009 2320 ab
1061 2260 1279 2321 erroris
1337 2266 1397 2323 et
1449 2261 1774 2341 falsiloquii
1820 2260 1956 2324 labe
2002 2261 2094 2323 vix
2135 2260 2441 2324 immunis·
2467 2261 2586 2328 erit.
2623 2278 2775 2333 cen-

440 2364 691 2430 sendus.
804 2364 929 2428 Sed
991 2384 1108 2448 quo
1142 2366 1416 2447 majori,
1484 2369 1744 2449 privatus
1806 2368 2014 2449 utique
2078 2367 2442 2431 certitudine
2483 2370 2772 2443 interna,⁷

441 2493 709 2536 errorem
757 2480 960 2537 tuetur
1007 2482 1067 2537 et
1114 2482 1402 2557 propagat
1446 2474 1725 2538 firmitate
1776 2484 1836 2538 et
1881 2476 2248 2539 securitate:
2310 2495 2386 2539 eo
2435 2479 2625 2558 magis
2672 2478 2769 2538 in-

430 2579 629 2659 juriae
670 2582 781 2643 erit
817 2580 1198 2644 accusandus
1239 2589 1301 2644 et
1335 2582 1492 2644 laesi
1528 2584 1797 2645 veritatis
1834 2600 2058 2643 sensus
2086 2583 2332 2645 interni.
2426 2584 2769 2647 Nonnullos

436 2690 595 2752 viros
640 2690 784 2750 huic
833 2691 1095 2769 opinioni
1142 2687 1413 2752 addictos
1461 2688 1843 2752 Schottius
1891 2691 2158 2751 nominat
2204 2692 2268 2772 (l.
2324 2709 2380 2752 c.
2414 2711 2473 2771 p.
2514 2689 2599 2758 94
2634 2698 2763 2756 not.

438 2795 520 2861 37
561 2814 615 2858 e.
655 2816 712 2877 g.
753 2796 1188 2871 Hartmannos,
1235 2795 1499 2870 KeilioS,
1544 2796 2149 2873 Bretschneideros);
2198 2797 2580 2880 eandemque
2625 2808 2768 2878 post
2821 2799 2828 2806 ’

437 2905 809 2967 Straussium
862 2906 990 2968 aliis
1049 2923 1287 2987 quoque
1343 2906 1590 2987 placere
1648 2912 1883 2968 constat
1929 2903 2031 2987 (cf.
2079 2906 2195 2967 Str.
2246 2905 2455 2969 Leben
2502 2907 2651 2970 Jesu
2695 2907 2761 2981 2,

439 3007 566 3075 367
616 3028 707 3091 sq.
761 3008 854 3074 ed.
904 3009 990 3094 3).
1069 3011 1193 3073 Sed
1241 3013 1294 3074 si
1337 3013 1460 3075 tale
1510 3012 1653 3094 quid
1700 3019 1867 3074 esset
1923 3012 2340 3085 statuendum,
2403 3020 2523 3075 tota
2567 3033 2764 3096 quae-

437 3119 551 3178 stio
601 3117 1040 3198 eschatologica
1089 3121 1154 3179 in
1182 3118 1631 3198 Theologorum
1678 3119 1904 3181 scholis
1954 3136 2127 3181 cassa
2170 3119 2352 3192 foret,
2402 3128 2463 3184 et
2492 3130 2766 3184 cessaret

437 3222 763 3285 absurdum
809 3223 934 3301 jam
990 3225 1227 3287 scilicet
1280 3223 1576 3286 nodorum
1632 3225 2058 3288 solvendorum
2106 3224 2405 3299 studium3
2463 3227 2758 3306 religione

439 3332 623 3392 enim
652 3330 972 3420 christiana
1018 3339 1303 3394 cessante
1351 3331 1606 3394 absurda
1652 3351 1798 3395 sane
1849 3340 2012 3395 esset
2054 3331 2384 3414 Theologia
2432 3333 2756 3397 christiana

441 3445 775 3518 superstes,
2587 3527 2592 3532 .

615 3543 850 3608 Meliori
887 3548 984 3611 via
1020 3548 1064 3608 ii
1092 3546 1372 3610 videntur
1397 3545 1708 3619 incedere,
1757 3549 1861 3627 qui
1891 3546 2192 3609 Christum
2218 3549 2521 3612 internum
2556 3565 2754 3610 rerum

438 3653 717 3716 ordinem
768 3663 868 3718 aut
916 3657 1200 3729 scivisse,
1253 3662 1355 3717 aut
1399 3663 1565 3718 certe
1615 3673 1735 3716 non
1783 3658 2214 3735 permiscuisse
2259 3664 2321 3719 et
2368 3658 2751 3736 perturbasse

434 3768 662 3842 putant,
703 3761 814 3823 sed
854 3764 951 3844 qui
984 3763 1389 3843 discipulos
1420 3762 1555 3841 ejus
1583 3764 1763 3825 verba
1795 3762 2014 3824 Christi
2050 3781 2260 3843 parum
2287 3764 2662 3827 intellexisse
2692 3771 2754 3826 et

438 3868 786 3931 confudisse
826 3871 1227 3949 suspicantur.
1294 3868 1427 3930 Non
1464 3867 1698 3930 inficias
1740 3888 1840 3941 eo,
1878 3869 2007 3931 veri
2049 3868 2303 3949 quadam
2346 3872 2552 3949 specie
2595 3870 2753 3934 hanc

438 3974 788 4053 opinionem
818 3975 1049 4037 amiciri
1073 3994 1276 4055 posse.
1322 3974 1555 4057 Reputa
1586 3976 1899 4038 ardentem
1926 3979 2199 4055 parusiae
2223 3978 2751 4057 exspectationem,

437 4082 671 4146 animos
701 4082 1133 4164 discipulorum
1161 4084 1368 4147 iterato
1389 4084 1630 4146 Domini
1658 4086 1755 4154 sui
1784 4083 2062 4147 adventui
2085 4085 2253 4166 quasi
2274 4085 2578 4148 inhiantes
2606 4084 2748 4151 Luc.

433 4187 579 4263 XIX,
614 4190 716 4254 11.
764 4189 839 4253 E't
883 4210 1063 4273 quum
1110 4210 1329 4273 magno
1374 4211 1482 4254 eos
1529 4190 1734 4253 dolore
1785 4191 2057 4254 afficeret
2095 4212 2207 4273 per
2243 4193 2464 4255 Christi
2497 4201 2748 4256 mortem

434 4298 601 4362 illata
627 4302 984 4376 necessitas,
1023 4278 1550 4385 procrastinandae
1572 4301 1705 4379 spei
1725 4303 2094 4375 messianae;
2125 4300 2281 4365 haud
2309 4283 2388 4366 ita
2417 4303 2688 4365 abhorret
2713 4321 2748 4366 a
