2934 4797
1586 237 1674 307 48

471 420 697 481 nibus
743 418 1052 499 gentibus;
1098 435 1217 500 quo
1263 418 1601 489 involvitur,
1646 418 2037 519 Evangelium
2084 416 2158 491 ad
2196 435 2408 480 omnes
2445 420 2664 496 gentes
2711 414 2805 478 al-

473 525 655 587 lat'um
685 525 784 598 iri,
818 530 876 587 et
903 524 1126 606 ubique
1152 526 1316 606 prius
1346 522 1554 587 odium
1580 531 2022 587 commoturum
2052 542 2233 606 quam
2263 524 2494 587 fructus
2528 524 2808 587 laturum

473 634 552 694 sit
588 629 822 711 (Matth.
866 630 1015 707 XXI,
1052 628 1182 709 43),
1234 631 1396 712 quod
1432 632 1607 694 multi
1643 650 1822 713 aegre
1867 632 2140 695 ferentes
2186 630 2538 693 desciscent
2576 647 2635 692 v.
2689 627 2806 694 10.

472 738 543 800 Et
600 756 741 799 cum
788 738 941 801 haec
999 740 1200 801 omnia
1258 739 1744 821 (persecutiones
1807 746 1864 801 et
1924 737 2438 820 praedicationem
2479 736 2808 817 Evangelii

344 907 369 915 ,
472 845 653 924 longe
691 826 947 926 lateque*
970 831 1426 926 absolvendam)
1465 844 1665 909 Lucas
1700 851 1886 927 ponat
1915 850 2058 908 ante
2087 843 2246 908 bella
2274 846 2384 906 ista
2413 843 2805 921 ettumultus

474 953 571 1032 (ef.
619 972 675 1016 v.
719 952 818 1018 12.
860 960 921 1014 et
960 952 1057 1019 10.
1094 951 1232 1034 11):
1277 951 1487 1015 Matth.
1535 959 1737 1015 autem
1780 972 1838 1016 v.
1887 951 2098 1019 9—11
2148 954 2610 1035 persecutiones
2658 948 2804 1011 illas

475 1067 536 1123 et
578 1061 1046 1124 Christianorum
1099 1062 1162 1121 in
1208 1066 1334 1123 toto
1390 1060 1537 1123 orbe
1592 1062 2006 1142 praesentiam
2061 1079 2136 1122 eo
2186 1067 2463 1143 tempore
2507 1059 2803 1132 collocet,

476 1166 632 1249 (τότε
668 1187 725 1233 V.
754 1166 839 1246 ,9)
880 1166 1041 1248 quod
1084 1174 1257 1231 vocat
1294 1169 1366 1232 οὐ
1393 1165 1662 1242 αἰπόλος
1686 1187 1742 1232 v.
1775 1166 1843 1251 6,
1892 1168 2008 1231 sed
2043 1164 2224 1253 ἀρχὴν
2248 1175 2365 1234 τῶν
2389 1169 2615 1233 ὠδίνων
2641 1185 2698 1229 v.
2734 1163 2803 1238 8,

475 1284 708 1338 certum
738 1284 848 1348 est,
898 1276 1199 1339 Christum
1236 1283 1442 1338 nostro
1482 1294 1720 1356 quoque
1768 1277 1964 1358 capite
1994 1275 2240 1357 longum
2276 1294 2429 1358 opus
2465 1273 2803 1354 Evangelio

473 1382 809 1463 adsignare,
846 1400 966 1463 ,per
1010 1382 1295 1445 historiae
1346 1380 1672 1445 decursum
1719 1385 1883 1446 certa
1925 1383 2063 1464 lege
2111 1382 2200 1465 (in
2229 1400 2346 1462 qua
2384 1379 2801 1445 describenda

475 1491 576 1569 hic
620 1489 913 1572 versatur)
959 1489 1414 1553 absolvendum.
1481 1489 1649 1552 Idem
1680 1490 1935 1555 efficitur
1963 1507 2037 1552 ex
2069 1488 2280 1553 Matth.
2312 1508 2365 1553 v.
2402 1489 2500 1554 11.
2545 1490 2650 1555 12.
2687 1487 2805 1553 14.

474 1599 628 1660 Nam
672 1617 729 1663 v.
794 1597 894 1662 11.
956 1597 1057 1663 12.
1112 1597 1380 1678 loquitur
1441 1596 1519 1660 de
1582 1597 1893 1661 doctrinae
1950 1614 2304 1678 morumque
2366 1594 2801 1678 depravatione

470 1706 630 1766 inter
672 1707 842 1787 ipsos
891 1704 1251 1767 christianos
1298 1704 1502 1778 omisi,
1549 1706 1735 1767 immo
1780 1704 2075 1784 majorem
2121 1722 2329 1768 eorum
2371 1710 2604 1787 partem
2654 1702 2803 1785 (τῶν

474 1800 708 1876 πολλῶν
742 1822 799 1875 v.
847 1809 955 1893 12)
1000 1803 1289 1874 invasura,
1356 1808 1535 1885 Quod
1581 1829 1704 1873 nou
1748 1812 1830 1873 ita
1880 1810 2172 1894 quadrare
2218 1809 2451 1874 videtur
2493 1812 2558 1872 in
2601 1810 2800 1891 prima

475 1918 779 1997 Evangelii
829 1924 1133 1998 tempora,
1196 1923 1258 1979 et
1310 1915 1455 1979 fidei
1502 1925 1564 1981 et
1606 1920 2103 1998 persecutionum
2155 1917 2367 1998 plena:
2428 1915 2540 1979 sed
2585 1919 2650 1995 in
2699 1935 2796 1991 ea,

408 2046 417 2060 ·
477 2025 582 2088 ubi
623 2023 900 2085 Ecclesia
946 2029 1231 2104 tanquam
1275 2023 1640 2086 fermentum
1686 2026 1896 2106 generi
1942 2025 2200 2107 humano
2239 2024 2532 2087 immissa
2578 2031 2640 2087 et
2687 2043 2797 2087 na-

477 2137 675 2192 turam
713 2129 845 2208 ejus
883 2129 1262 2209 depravatam
1300 2133 1475 2212 quasi
1510 2149 1851 2206 assumens,
1900 2133 1976 2195 ab
2005 2133 2120 2195 hac
2149 2134 2279 2219 ipsa
2307 2131 2798 2212 depravationem
2893 2156 2894 2165 2

480 2235 779 2318 quandam
814 2239 1052 2317 patitur,
1101 2255 1297 2318 eoque
1333 2237 1649 2316 majorem,
1697 2258 1816 2320 quo
1861 2241 2051 2319 magis
2095 2240 2307 2321 religio
2354 2228 2676 2302 christiana
2721 2258 2797 2302 ea
2893 2278 2894 2317 t

483 2352 611 2418 est,
676 2351 743 2408 ut
787 2343 1022 2424 singula
1066 2361 1339 2425 quaeque
1395 2343 1698 2432 mundana
1750 2346 2007 2426 arripiat.
2101 2343 2372 2421 Quorum
2413 2345 2798 2409 intellectum
2893 2324 2894 2363 ¹

479 2452 792 2531 Evangelii
836 2451 937 2512 lux
978 2450 1173 2529 tetigit
1216 2450 1497 2530 quidem,
1564 2450 1677 2514 sed
1721 2449 1845 2513 non
1888 2455 2260 2533 penetravit,
2325 2455 2371 2515 ii
2434 2452 2515 2515 ad
2560 2471 2801 2516 errores

479 2543 801 2642 pariendos
845 2559 1063 2638 promti
1117 2565 1327 2632 erunt,
1392 2565 1454 2621 et
1512 2559 1567 2620 si
1630 2561 2051 2638 magistrorum
2122 2558 2256 2622 vice
2335 2559 2502 2640 fungi
2570 2560 2801 2634 volunt,

482 2665 1044 2747 pseudoprophetae
1104 2663 1360 2728 evadent
1404 2684 1462 2731 v.
1518 2664 1617 2731 11.
1703 2664 1975 2741 Quorum
2020 2665 2175 2728 fides
2222 2684 2343 2728 non
2393 2670 2633 2729 sincera
2684 2674 2800 2740 est,

485 2775 560 2836 iis
605 2772 934 2851 injustitiae
981 2770 1328 2835 diuturnum
1372 2774 1434 2834 in
1477 2779 1639 2834 terra
1684 2775 2006 2853 imperium
2052 2772 2337 2836 scandalo
2386 2792 2527 2838 esse
2573 2780 2798 2854 potest,

480 2887 583 2943 aut
609 2879 906 2944 seducere
937 2898 1045 2943 eos
1068 2886 1325 2960 possunt
1351 2880 1547 2943 seculi
1568 2879 1750 2958 hujus
1788 2899 2021 2972 mores&
2045 2889 2149 2944 aut
2174 2883 2561 2945 securitatem
2591 2889 2653 2945 et
2687 2899 2798 2943 ne·
2889 2907 2890 2912 ¹

481 2988 830 3069 gligentiam
866 2987 1156 3058 excitare,
1203 2993 1522 3066 postquam
1565 2986 1779 3050 fefellit
1813 3004 1959 3066 spes
1995 3005 2216 3052 aureae
2244 2991 2454 3056 aetatis
2482 2989 2798 3069 Evangelii
2889 2993 2890 3062 l

482 3096 827 3177 impatiens.
875 3094 1094 3156 Omnia
1124 3112 1287 3174 erge,
1317 3111 1475 3175 quae
1499 3093 1575 3156 de
1607 3094 1904 3175 evangelii
1938 3095 2204 3160 efficacia
2223 3096 2473 3170 dixerat,
2500 3094 2707 3160 Matth.
2735 3115 2794 3160 v.

479 3198 699 3269 4-12
746 3200 1157 3273 οο-ῑθηᾶιιιιι,
1206 3208 1270 3264 ut
1315 3200 1649 3282 discipulos
1691 3210 1949 3266 avocent
1990 3223 2025 3267 a
2087 3203 2390 3267 desiderio
2451 3203 2794 3267 messianae
2887 3229 2888 3250 ³

481 3310 708 3391 gloriae
771 3327 1206 3390 praepropero;
1268 3316 1330 3372 et
1380 3309 1655 3372 Christus
1716 3311 1893 3390 quasi
1952 3313 2034 3375 ita
2093 3313 2387 3393 loquitur:
2453 3295 2532 3372 ne
2593 3313 2793 3374 animo

477 3417 728 3481 volvatis
776 3418 1227 3498 cogitationem,
1288 3418 1557 3495 proxime
1604 3420 1821 3481 abesse
1867 3424 2107 3500 tempus
2154 3421 2382 3499 plenae
2436 3419 2609 3500 regni
2670 3420 2793 3481 mei
2885 3499 2886 3504 ἵ

482 3525 745 3608 gloriae,
811 3542 888 3587 ne
952 3524 1138 3584 animi
1199 3524 1387 3584 vestri
1452 3511 1781 3604 cupiditate
1849 3525 2333 3590 effoemiuentur.
2403 3524 2787 3602 Patientiam
2885 3509 2886 3512 ¹

485 3638 547 3696 et
602 3628 1024 3701 laborandum3
1083 3628 1203 3689 hoc
1264 3635 1403 3692 ante
1465 3633 1670 3693 omnia
1722 3631 1939 3693 animis
1993 3635 2210 3695 vestris
2271 3631 2653 3706 obversetur;
2711 3633 2791 3694 at*-

479 3737 843 3803 flictionihus
898 3735 1325 3815 laboribusque
1366 3742 1560 3800 testes
1603 3745 1778 3801 erunt
1813 3737 2056 3812 Christi·
2091 3739 2382 3820 insignes,
2428 3746 2494 3804 ut
2527 3735 2790 3819 Evange-

457 3842 634 3909 'lium
677 3859 931 3907 munere
977 3860 1090 3905 suo
1136 3842 1428 3908 historico
1471 3845 1758 3925 perfungi
1797 3847 2009 3926 possit.
2058 3844 2262 3921 Quare
2291 3847 2548 3927 quisque
2575 3845 2791 3927 videat,
2883 3895 2884 3906 ,

485 3951 783 4032 quomodo
823 3951 1276 4032 perseverantia
1337 3951 1600 4030 gaudeat
1651 3970 1843 4031 usque
1887 3951 1961 4015 ad
2008 3950 2194 4016 finem
2251 3951 2451 4025 firma,
2512 3952 2786 4034 patiendo

421 4105 433 4126 ι
488 4066 550 4122 et
607 4056 941 4123 laborando
1007 4055 1418 4130 ostendenda,
1497 4077 1613 4121 nec
1678 4077 1822 4123 vero
1881 4058 2110 4142 gloriae
2173 4060 2515 4124 messianae
2577 4062 2786 4125 festina

487 4164 811 4247 cupiditate
857 4165 1063 4230 inhiet.
1104 4163 1214 4229 lta
1258 4184 1314 4230 v.
1364 4162 1466 4232 13.
1518 4164 1598 4231 14
1646 4166 1919 4230 Christus
1964 4169 2197 4243 omnia,
2241 4166 2385 4231 inde
2416 4184 2451 4231 a
2491 4186 2546 4232 v.
2577 4164 2786 4234 4-12

485 4271 748 4338 indicata
807 4271 1056 4354 colligit.
1120 4273 1193 4338 V.
1247 4270 1326 4360 13
1373 4291 1582 4338 sanam
1637 4274 1978 4339 hominis
2040 4276 2482 4340 Christiani
2542 4274 2785 4358 disposi-
