2934 4797
1245 248 1331 316 33

111 433 397 494 futuram.
489 427 663 505 Quae
720 429 922 491 omnia
972 428 1244 497 Christus
1287 429 1450 493 bene
1489 432 1830 509 perspecta
1871 427 2111 497 ,habere
2157 424 2453 502 dehebat'3

115 539 174 599 si
204 537 426 610 minue,
460 537 669 616 ,operis
700 537 796 601 sui
823 543 1094 598 naturam
1117 542 1178 598 et
1204 537 1581 616 propositum
1608 553 1732 596 non
1750 533 2010 597 hahebat
2043 541 2452 615 perspectum.

119 643 253 706 Sed
299 643 565 706 hahebat
609 626 1020 721 sane3-quod
1068 643 1230 705 clare
1279 644 1587 705 cernimus
1628 661 1685 707 e.
1735 661 1793 722 g.
1842 632 2251 723 ex'parabolis
2299 640 2456 720 ejuS.

117 749 350 813 Finalis
397 750 615 812 Christi
673 749 966 812 adventus
1024 752 1139 812 erit
1194 751 1466 822 subitus,
1530 747 1804 810 fulminis
1851 750 2041 811 instar
2084 747 2232 816 Luc.
2278 747 2457 824 XVII,

121 855 244 932 243
313 857 429 920 sed
477 876 733 939 regnum
778 875 956 919 suum
1004 874 1142 919 cum
1188 856 1588 920 fermento
1636 857 1921 936 contulit,
1989 855 2150 936 quod
2193 874 2459 920 massam

16 960 17 971 ’
120 973 371 1030 totam
416 965 701 1045 subigere
748 963 967 1028 debeat
1010 964 1216 1028 Matth.
1263 960 1419 1037 Xlll,
1482 963 1586 1030 33.
1682 962 1802 1038 Qui
1868 963 2161 1037 credidit,
2225 983 2459 1046 marga-

124 1077 310 1137 ritam
357 1073 604 1153 quidem
648 1076 895 1154 reperit,
944 1075 1228 1137 omnibus
1276 1072 1492 1136 divitiis
1539 1073 1720 1153 longe
1766 1073 2263 1155 praeferendam3
2302 1071 2458 1135 fides

124 1201 252 1244 uno
300 1184 471 1263 quasi
524 1199 740 1244 manus
793 1189 962 1244 motu
1008 1184 1235 1245 bonurn
1280 1180 1564 1243 omnibus
1610 1180 1880 1242 numeris
1927 1180 2267 1243 absolutum
2314 1180 2463 1243 arri·

124 1291 240 1370 pit,
292 1290 559 1352 animum
605 1289 839 1355 salvans
889 1288 1102 1352 Matth.
1159 1288 1308 1361 Xlll,
1347 1285 1458 1352 44.
1510 1285 1618 1352 45.
1711 1288 1838 1350 Sed
1882 1287 2000 1350 hoc
2051 1289 2280 1352 bonum
2336 1307 2459 1353 non

128 1397 313 1458 inerti
341 1396 461 1457 situ
499 1393 682 1458 debet
710 1397 1064 1476 eorrumpiS,
1114 1393 1227 1456 sed
1262 1394 1515 1459 foenora
1560 1412 1775 1474 parere
1805 1394 2066 1457 Domino
2106 1394 2275 1478 (Luc.
2305 1384 2457 1470 XIX,

134 1502 233 1567 11·
267 1521 398 1583 sqq.
446 1500 651 1564 Matth.
702 1500 876 1573 XXV,
932 1498 1010 1565 14
1058 1491 1245 1583 sqq.)'
1277 1507 1338 1564 et
1393 1503 1492 1581 qui
1540 1502 1768 1562 bonum
1806 1501 1956 1563 illud
1994 1505 2268 1583 accepit,
2333 1522 2459 1565 non

131 1612 329 1674 otiosa
395 1610 627 1671 futurae
678 1608 982 1671 felicitatis
1002 1598 1013 1613 ²
1040 1610 1493 1688 exspectatione
1552 1616 1794 1689 tempus
1847 1616 2050 1691 potest
2106 1612 2459 1690 transigere,

134 1717 253 1779 sed
285 1717 502 1779 vineae
552 1714 786 1795 divinae
841 1716 903 1776 in
950 1715 1068 1778 -hac
1120 1723 1282 1778 terra
1328 1722 1535 1778 nostra
1579 1717 1729 1778 sitae
1778 1716 2100 1779 consulere
2154 1715 2462 1781 laboribus

137 1831 202 1895 et
248 1821 569 1886 sudoribus
617 1820 852 1906 (Matth.
899 1820 1035 1895 XX,
1086 1821 1118 1886 1
1171 1825 1349 1904 sqq.).
1413 1823 1692 1901 Regnum
1736 1823 1851 1885 Dei
1899 1841 1933 1885 e
1982 1824 2219 1885 semine
2265 1825 2461 1886 minu-

131 1928 404 2002 tissimo,
466 1931 508 1990 i.
559 1947 615 1994 e.
663 1931 888 2010 sinapis
937 1924 1197 1990 exoritur
1256 1927 1489 2011 (Matth.
1536 1928 1700 2001 Xlll,
1749 1927 1853 1993 21.
1902 1926 2012 2012 32)
2068 1929 2181 1991 sed
2238 1933 2462 1994 erescit

135 2057 215 2100 eo
261 2046 477 2116 usque,
512 2042 583 2098 ut
626 2037 785 2098 coeli
830 2052 1006 2111 aves,
1053 2037 1094 2097 i.
1145 2055 1200 2099 e.
1250 2037 1531 2098 homines
1579 2036 1654 2099 ab
1701 2036 1980 2099 omnibus
2027 2037 2234 2100 mundi
2279 2041 2458 2119 parti·
2567 2086 2574 2092 .

133 2146 251 2208 bus
297 2147 360 2206 in
408 2161 482 2205 eo
530 2144 962 2207 convenientes
990 2144 1275 2221 requiem
1295 2142 1407 2204 sub
1443 2142 1672 2205 arboris
1709 2146 1895 2235 ramis
1926 2151 2229 2223 quaerant,
2277 2146 2459 2226 longe

136 2254 382 2331 lateque
445 2253 682 2332 patulis.
773 2252 1012 2316 Etenim
1072 2270 1197 2313 non
1256 2249 1330 2315 ad
1391 2270 1622 2332 paucos
1689 2251 1803 2313 sed
1865 2251 1943 2314 ad
2004 2270 2219 2314 omnes
2281 2253 2475 2331 hujus‘

134 2366 335 2421 terrae
382 2359 1035 2440 gentesEvangelium
1078 2359 1380 2440 pertinget
1427 2357 1660 2443 (Matth.
1688 2357 1838 2433 XIII,
1869 2356 1973 2424 33.
2016 2358 2121 2425 37.
2167 2359 2317 2435 VIII,
2356 2360 2460 2427 11.
2501 2346 2514 2353 “

144 2464 246 2530 12.
292 2467 440 2533 Luc.
472 2468 633 2549 ‚XHL
681 2465 1047 2536 29..Mauh.'
1089 2467 1237 2539 XXI,
1286 2463 1418 2550 43).
1494 2470 1545 2530 Α
1589 2467 1820 2529 Judaea
1867 2467 2139 2547 quidem,
2188 2475 2462 2531 materno

134 2572 450 2652 religionis
482 2574 842 2638 christianae
871 2575 1124 2656 gre'mio,
1154 2573 1523 2635 ordiendum
1545 2572 1786 2656 (Matth.
1804 2558 1964 2646 x,‘5.
1990 2571 2160 2640 6.·23
2197 2575 2320 2649 XV,
2352 2572 2463 2659 24)

140 2677 259 2739 sed·
302 2698 487 2760 quum
533 2681 754 2744 Christi
797 2681 1009 2762 religio
1057 2679 1338 2742 omnibus
1392 2681 1676 2745 numeris,
1723 2681 1801 2742 sit
1856 2681 2159 2754 absoluta,
2224 2683 2465 2762 pietatis

142 2792 209 2847 et
240 2787 472 2849 virtutis
500 2790 772 2849 omnium
802 2788 1127 2870 hominum
1170 2804 1381 2866 norma
1430 2785 1614 2849 debet
1662 2804 1802 2848 esse
1853 2787 2165 2867 etfregula
2206 2789 2462 2851 interna.

139 2892 378 2954 Etenim
425 2911 459 2954 e
504 2895 1063 2975 perfectoquoque
1109 2894 1339 2975 reliqua
1383 2891 1714 2955 metienda.
1818 2889 2020 2967 Quare
2066 2891 2263 2973 penes
2309 2896 2466 2958 hanc

16 3089 17 3092 Ἴ
139 3002 506 3080 religionem
553 3000 808 3082 ejusque
856 3008 1166 3067 auctorem
1204 3000 1504 3081 judicium
1550 3000 1759 3063 mundi
1808 2999 2040 3081 (Matth.
2069 3001 2191 3076 vn,
2222 3002 2328 3067 22.
2359 3001 2463 3067 23.

139 3106 317 3181 XXV,
364 3106 444 3172 31
497 3111 675 3189 sqq.).
724 3107 921 3182 Quam
969 3110 1069 3189 qui
1113 3108 1546 3188 repudiaverit,
1595 3108 1700 3169 ille
1746 3105 1974 3170 bonum
2021 3127 2326 3171 summum
2370 3128 2466 3172 re-

140 3216 430 3297 pudiasse
458 3216 832 3280 -censendus
891 3220 1042 3290 erit;
1106 3216 1345 3296 reprobi
1392 3218 1555 3279 enim
1600 3215 1867 3278 nondum
1914 3217 1955 3277 ii
2006 3236 2145 3279 esse
2193 3224 2466 3297 possunt,

146 3326 251 3404 qui
277 3325 629 3405 imperfecta
657 3326 1144 3405 reprobaverunt,
1188 3323 1301 3387 sed
1341 3324 1440 3406 qui
1487 3323 1772 3404 perfecta*
1793 3321 2025 3406 (Matth.
2051 3325 2175 3398 XII,
2207 3325 2311 3391 31.
2336 3325 2466 3408 32).

54 3493 59 3498 ,
143 3430 292 3491 Inde
312 3448 488 3510 porro
505 3432 793 3513 sequitur,
815 3430 1083 3493 nondum
1099 3430 1359 3492 idoneos
1378 3436 1440 3492 et
1459 3430 1628 3511 quasi
1648 3435 1911 3492 maturos
1935 3449 2074 3493 esse
2091 3429 2468 3510 adjudicium

147 3555 276 3610 eoS,
315 3539 417 3618 qui
442 3537 753 3618 Evangelii
779 3556 930 3601 sono
959 3537 1230 3600 nondum
1258 3543 1399 3600 sunt
1424 3538 1598 3600 tacti:
1643 3544 1711 3599 *et
1746 3536 1832 3600 ad
1870 3553 2119 3600 omnes
2155 3537 2470 3620 Evange-

147 3643 319 3705 lium
355 3643 586 3706 idcirco
619 3663 858 3726 quoque
887 3645 1272 3724 pervenire
1303 3643 1606 3716 debere,
1638 3640 1800 3724 quo'd
1837 3661 2053 3705 omnes
2081 3646 2143 3706 in
2172 3643 2468 3724 judicium

149 3750 403 3815 vocandi
443 3751 590 3823 sint;
641 3758 742 3815 aut
785 3753 847 3813 in
892 3751 1008 3814 hac
1042 3752 1198 3824 vita,
1247 3758 1349 3814 aut
1384 3753 1447 3813 in
1487 3750 1701 3813 futura.
1796 3749 2084 3812 Ceterum
2110 3769 2293 3832 quum
2319 3755 2470 3817 tanti
2575 3761 2583 3772 “

148 3861 323 3939 pretii
369 3860 446 3921 sit
487 3859 789 3922 terrestris
839 3859 1156 3921 hominum
1203 3858 1610 3931 conversatio,
1661 3864 1722 3920 et
1764 3865 1891 3919 tam
1935 3873 2151 3938 magna
2194 3860 2471 3942 religioni

154 3966 507 4028 christianae
553 3965 859 4044 proposita
908 3965 1051 4038 sint,
1108 3967 1173 4026 in
1207 3967 1367 4027 terra
1414 3969 1617 4027 nostra
1662 3981 1774 4044 per
1807 3962 2096 4026 historiae
2144 3963 2471 4029 decursum

151 4072 528 4155 peragenda,
574 4090 698 4134 non
745 4071 941 4134 solum
988 4091 1064 4133 eo
1112 4070 1295 4133 dehet
1337 4070 1591 4133 tendere
1648 4071 1858 4152 religio
1896 4071 2258 4146 christiana,
2306 4081 2371 4138 ut
2406 4076 2470 4136 in

151 4182 262 4243 hac
289 4190 443 4245 terra
472 4181 548 4243 ad
575 4198 792 4243 omnes
821 4186 1037 4261 gentes
1065 4198 1403 4264 omnesque
1424 4179 1706 4243 homines
1734 4178 2046 4260 perveniat
2061 4179 2471 4263 Evangelium,

155 4288 265 4353 sed
310 4291 393 4354 ita
420 4290 555 4365 ‚vim
600 4305 775 4352 suam
823 4295 886 4352 et
931 4285 1264 4353 efficaciam
1319 4285 1505 4351 debet
1548 4305 1868 4360 exserere,
1931 4294 2000 4349 ut
2055 4289 2118 4352 in
2173 4288 2472 4373 cujusque

2011 4386 2046 4448 3
