2934 4797
1317 270 1359 340 5
1430 250 1435 255 .

118 448 363 512 lentas
405 450 581 512 multi
618 446 999 513 desiderant:
1044 467 1146 512 res
1175 452 1308 531 ipsa
1338 470 1483 515 vero
1505 499 1521 525 ,
1571 451 1647 515 de
1678 471 1795 534 qua
1827 451 2100 515 Christus
2127 454 2311 516 verba
2329 451 2500 525 tacit,

121 556 228 617 ita
292 561 392 618 est
436 557 789 637 composita,
838 562 906 618 ut
941 555 1216 619 Christus
1264 561 1489 631 omnia,
1541 577 1695 639 quae
1743 562 1939 639 capite
1985 566 2193 622 nostro
2239 556 2501 631 tradidit,

122 665 449 742 tanquam
494 664 673 724 unius
721 661 1121 743 ejusdemque
1170 666 1373 744 operis
1422 666 1862 746 eschatologici
1907 672 2141 745 parteS,
2195 663 2501 742 judicialis

123 881 231 917 vv.
267 866 342 917 15
363 882 471 936 sqq.
497 867 977 937 Hierosolymorum
1002 865 1411 920 devastationem
1441 867 1756 935 significant,
1793 868 2053 921 arridebat
2088 884 2236 936 sane,
2274 886 2338 922 ea
2372 887 2503 940 quae

130 957 473 1009 antecedunt
510 957 584 1024 (v.
625 957 856 1026 4—14),
905 958 967 1009 de
1003 956 1279 1009 intervallo
1317 957 1457 1010 inter
1495 957 1696 1009 Christi
1731 962 1949 1011 mortem
1985 963 2039 1010 et
2072 958 2218 1010 urbis
2257 960 2506 1029 excidium

126 1043 492 1109 interjacenti
531 1046 849 1113 intelligere,
899 1052 954 1098 ut
990 1046 1131 1099 claro
1170 1046 1424 1099 orationis
1460 1046 1669 1098 flumine
1706 1047 1829 1098 illud
1865 1053 2065 1114 tempus
2104 1048 2167 1099 ab
2204 1047 2323 1115 ipsa
2358 1051 2502 1102 urbis

136 1133 321 1188 ruina
357 1136 427 1203 (v.
471 1139 534 1189 15
573 1136 706 1206 sqq.)
745 1137 1078 1205 exciperetur.
1155 1137 1323 1198 Quare
1362 1135 1701 1203 Origenem
1746 1136 1895 1188 vides
1944 1136 2039 1204 (ad
2083 1138 2268 1189 Matth.
2314 1137 2502 1196 XXIV,

130 1227 228 1277 ed.
275 1226 343 1277 de
378 1226 431 1277 la
457 1227 622 1279 Ruan.
662 1227 725 1279 Τ.
755 1227 850 1293 111,
886 1226 987 1279 851
1029 1242 1136 1294 sqq.
1177 1242 1223 1278 c.
1264 1225 1346 1277 33.
1388 1225 1483 1290 39)
1520 1227 1584 1276 ad
1622 1225 1672 1277 id
1711 1241 1835 1277 sese
1874 1227 2246 1295 accingentem,
2283 1232 2340 1279 ut
2375 1244 2503 1281 ver-

134 1315 313 1367 sibus
352 1314 526 1366 4—14
563 1321 780 1369 eventus
817 1316 961 1368 urbis
1000 1315 1247 1368 excidium
1284 1316 1650 1367 antecedentes
1688 1310 1945 1382 reperiat,
2000 1318 2095 1368 sed
2134 1333 2245 1369 mox
2293 1318 2505 1371 offendit

135 1420 271 1455 eum
315 1419 506 1456 versus
546 1405 577 1455 5
615 1406 677 1456 de
713 1402 1058 1456 Antichristis
1096 1403 1270 1454 multis
1307 1402 1548 1471 loquens,
1603 1399 1761 1472 eaque
1798 1404 1860 1455 de
1898 1420 2062 1457 causa
2097 1405 2233 1457 haud
2272 1421 2400 1457 sane
2440 1405 2505 1457 ad

135 1490 636 1559 quadragintaplus
653 1490 823 1542 minus
863 1505 1111 1542 annorum
1147 1490 1422 1555 angustias
1460 1489 1862 1556 restringendus
1901 1489 1970 1556 (c.
2004 1491 2113 1556 33).
2153 1491 2326 1546 Simili
2356 1494 2503 1546 modo

128 1580 360 1644 judicat
406 1581 467 1632 de
512 1581 816 1634 traditorum
865 1585 984 1631 ante
1026 1578 1173 1631 urbis
1222 1594 1461 1632 occasum
1508 1579 1643 1631 inter
1680 1579 2010 1631 Christianos
2050 1580 2265 1632 raritate
2312 1583 2386 1651 (v,
2440 1583 2505 1636 10

145 1685 199 1722 c.
248 1668 366 1735 39).
403 1669 511 1724 Nec
535 1686 636 1722 non
677 1670 868 1722 similia
903 1671 964 1721 de
1001 1669 1170 1721 turbis
1207 1668 1435 1734 gentium
1473 1673 1526 1720 et
1559 1668 1805 1721 bellorum
1831 1686 1881 1723 v.
1914 1670 1961 1721 6.
1991 1669 2039 1723 7.
2068 1670 2310 1724 indicatis
2336 1673 2506 1724 Prae-

145 1759 348 1811 sertim
404 1774 527 1811 vero
579 1775 690 1811 cum
723 1758 1016 1824 Augustino
1068 1757 1363 1809 clarissime
1412 1756 1708 1825 perspexit,
1766 1758 2110 1823 Evangelium
2155 1760 2284 1825 apud
2323 1775 2503 1812 omnes

144 1852 349 1913 gentes
388 1847 755 1915 Apostolorum
805 1846 1123 1913 temporibus
1171 1861 1270 1898 nec
1317 1845 1664 1912 praedicatum
1715 1861 1841 1897 esse
1892 1845 1966 1912 (v,
2008 1846 2089 1897 14.
2137 1863 2181 1899 c.
2221 1847 2288 1899 39
2325 1864 2373 1914 p.
2421 1847 2503 1900 cui

146 1953 262 1988 non
304 1935 607 1989 contradicit
641 1936 702 1987 de
731 1934 953 2002 Princip.
991 1935 1081 1998 IV,
1128 1934 1187 1999 2)
1223 1948 1318 1985 nec
1355 1933 1473 2009 odio
1510 1933 1679 1985 fuisse
1722 1934 1797 2000 (v.
1834 1933 1909 1999 9).
1949 1936 2118 1997 Quare
2148 1933 2209 1986 eo
2230 1935 2506 2002 origenem

145 2026 311 2077 vides
349 2025 695 2093 inclinantem,
734 2030 789 2077 ut
823 2040 871 2075 v.
909 2022 1083 2074 4—14
1121 2024 1186 2075 ad
1222 2028 1452 2089 tempora
1488 2038 1683 2091 quoque
1719 2022 1874 2088 longe
1912 2024 2151 2093 seriora,
2189 2026 2224 2077 i.
2265 2041 2310 2076 e.
2351 2030 2404 2077 et
2440 2026 2504 2076 ad

148 2131 314 2167 suum
350 2130 532 2165 aevum
570 2119 622 2165 et
658 2113 723 2163 ad
757 2110 1051 2180 posteriora
1085 2111 1276 2177 trahat,
1314 2108 1474 2162 sicuti
1492 2109 1803 2162 Ambrosius
1840 2111 1981 2164 fecit.
2020 2113 2126 2165 Sed
2153 2111 2504 2165 difficultatem

149 2209 208 2255 et
275 2203 501 2270 speciem
562 2200 833 2267 interrupti
894 2216 1187 2252 sermonum
1243 2198 1445 2255 ordinis
1508 2198 1836 2267 fluminisque
1886 2199 1965 2266 (id
2015 2202 2145 2269 quod
2195 2200 2502 2254 Ambrosius

150 2291 316 2345 facile
362 2289 545 2356 effugit
591 2290 769 2358 quippe
817 2305 863 2341 v,
906 2289 972 2341 15
1019 2305 1129 2357 sqq.
1177 2288 1240 2340 de
1289 2289 1444 2340 rebus
1498 2289 1640 2340 seris
1687 2287 2044 2358 intelligens),
2096 2289 2353 2356 Origenes
2400 2306 2505 2342 non

148 2380 415 2448 dissipat,
471 2379 565 2431 sed
615 2377 811 2432 scalam
859 2376 1191 2444 allegoricam
1239 2381 1425 2430 nactus
1474 2380 1685 2445 repente
1729 2376 1975 2430 transilit.
2049 2378 2501 2432 Tertullianus

151 2485 355 2540 quoque
393 2469 455 2520 de
492 2482 691 2520 resurr.
729 2482 871 2519 carn.
910 2483 956 2519 c.
994 2467 1062 2518 22
1098 2465 1174 2518 ita
1206 2464 1460 2535 loquitur:
1496 2466 1896 2533 „Interrogatus
1918 2482 1951 2517 a
1975 2465 2268 2534 discipulis,
2306 2468 2502 2536 quando

151 2563 412 2613 eventura
448 2560 667 2622 essent,
722 2571 853 2624 quae
890 2555 952 2607 de
990 2554 1167 2622 templi
1205 2555 1343 2606 exitu
1394 2559 1674 2621 eruperat,
1730 2554 1958 2607 ordinem
2009 2559 2291 2622 temporum
2336 2558 2500 2625 primo

153 2647 493 2701 Judaicorum
530 2662 690 2715 usquc
728 2646 794 2697 ad
830 2645 1075 2698 excidium
1094 2644 1441 2712 Hierusalem,
1480 2644 1662 2696 dehinc
1700 2645 2036 2696 communium
2071 2661 2233 2715 usque
2271 2647 2334 2699 ad
2371 2663 2503 2700 oon-

154 2736 440 2790 clusionem
488 2734 651 2787 seculi
702 2731 936 2800 dirigit.“
979 2733 1108 2785 Nam
1154 2737 1488 2800 posteaquam
1537 2731 1724 2798 edixit,
1777 2737 1829 2783 et
1872 2736 1993 2784 tunc
2038 2733 2140 2785 erit
2173 2733 2502 2788 Hierusalem

153 2824 479 2878 conculcatui
532 2824 829 2877 nationibus
885 2825 1045 2876 donec
1095 2823 1466 2889 adimpleantur
1521 2827 1751 2889 tempora
1799 2820 2063 2874 nationum
2119 2823 2501 2890 allegendarum

158 2916 425 2970 sciliceta
449 2917 557 2967 Deo
597 2920 650 2966 et
686 2913 1166 2981 congregandarum
1204 2928 1317 2967 cum
1353 2912 1590 2981 reliquiis
1628 2912 1884 2980 Israelis3
1921 2914 1939 2965 i
1951 2914 2066 2966 nde
2091 2915 2201 2977 Jam
2237 2914 2293 2965 in
2328 2916 2501 2967 orbem
2603 2931 2607 2936 ·

158 3012 214 3059 et
249 3006 302 3057 in
339 3006 568 3057 seculum
602 3004 869 3073 praedicat
903 3005 1181 3055 secundum
1208 3002 1408 3055 Joelem
1443 3009 1498 3054 et
1522 3002 1788 3055 Danielem
1822 3032 1883 3043 --
1917 3002 2092 3055 futura
2124 3002 2282 3069 signa
2306 3004 2360 3055 in
2389 3003 2501 3055 sole

161 3103 216 3149 et
251 3092 373 3147 luna
408 3100 459 3146 et
492 3094 545 3145 in
582 3090 793 3145 stellis“
829 3093 1035 3159 (Matth.
1069 3108 1118 3145 v·
1153 3091 1239 3145 29.
1277 3093 1367 3144 Lc.
1402 3091 1513 3156 24).
1552 3093 1722 3154 Quare
1757 3090 2019 3159 suspicari
2054 3092 2254 3160 possis,
2292 3094 2503 3145 'Pertul-

160 3186 352 3237 lianum
390 3200 489 3236 non
528 3185 694 3236 solum
729 3200 779 3236 v.
824 3183 1024 3235 15—21
1068 3187 1156 3234 aut
1191 3182 1275 3234 28.
1314 3181 1567 3250 Lc.XXl,
1608 3181 1817 3236 20-24
1845 3183 1906 3236 de
1936 3182 2080 3236 urbis
2114 3182 2248 3235 exitu
2281 3188 2500 3251 putasse

165 3276 461 3345 disserere,
517 3277 611 3327 sed
657 3276 808 3328 etiam
848 3290 1037 3326 versus
1077 3275 1457 3326 antecedentes.
1533 3274 1637 3326 Sed
1675 3274 1847 3326 obstat
1880 3274 2157 3341 Apologet.
2195 3275 2309 3326 adv.
2350 3275 2497 3331 Gent.

166 3382 210 3419 c.
248 3366 346 3431 20,
399 3364 484 3417 ubi
522 3363 753 3430 gentium
786 3364 988 3430 turbas,
1024 3364 1240 3430 famem,
1285 3363 1454 3427 luem,
1484 3362 1726 3427 justitiae
1761 3363 2028 3414 raritatem
2066 3366 2184 3430 etc.,
2221 3364 2283 3414 de
2318 3362 2500 3430 quibus

171 3456 410 3507 versibus
446 3452 623 3505 4—-14
658 3454 716 3504 fit
749 3451 971 3518 mentio,
1027 3451 1092 3503 ad
1139 3467 1239 3504 sua
1271 3451 1442 3520 ipsius
1483 3457 1712 3518 tempora
1745 3452 1926 3503 refert.
2001 3447 2231 3503 Omnium
2269 3458 2502 3503 veterum

170 3547 376 3598 Patrum
411 3543 661 3612 plurimus
698 3548 786 3596 est
824 3542 1236 3610 Chrysostomus
1281 3541 1337 3593 in
1374 3543 1619 3595 versibus
1658 3542 1832 3594 4—14
1870 3542 1933 3593 ad
1972 3545 2189 3593 eventus
2226 3542 2371 3593 urbis
2406 3557 2501 3594 oc-

174 3650 346 3687 casum
383 3634 752 3700 praecedentes
789 3633 1057 3687 trahendis
1070 3646 1085 3698 ς
1124 3632 1215 3699 (cf.
1257 3631 1494 3687 Corderii
1532 3635 1828 3685 Catenam
1863 3633 2037 3685 Patr.
2075 3631 2142 3684 in
2178 3632 2235 3686 S.
2270 3632 2499 3690 Lucam

176 3726 419 3790 Antverp.
462 3722 615 3787 1628.
655 3724 718 3775 ad
737 3722 864 3775 Luc.
889 3721 1018 3776 XXI
1054 3738 1104 3788 p.
1145 3723 1249 3774 512
1288 3738 1398 3791 sqq.
1433 3722 1600 3777 Nicet.
1637 3722 1816 3773 Caten.
1853 3720 2163 3774 T01.·1647.
2202 3720 2498 3773 706-712.

169 3810 576 3864 PossiniGateu.
615 3827 664 3877 p.
704 3810 1003 3863 313-316.
1042 3811 1222 3864 Telos.
1265 3811 1416 3864 1646.
1457 3810 1822 3878 chrysostomi
1862 3826 1974 3877 opp.
2013 3810 2294 3880 ed.Montf.
2334 3808 2500 3862 altera

174 3901 338 3955 Pal-ie.
380 3899 533 3952 1836.
573 3900 636 3951 Τ.
655 3900 773 3966 vn,
794 3900 843 3951 2.
882 3899 1055 3952 homil.
1083 3898 1136 3951 in
1156 3898 1340 3954 Matth.
1379 3899 1462 3952 75.
1502 3898 1595 3965 (al.
1621 3899 1711 3964 76)
1748 3914 1796 3965 p.
1826 3898 1929 3950 816
1969 3896 2121 3967 sqq.)‚
2157 3897 2244 3966 qui
2260 3894 2320 3950 τὸ
2348 3898 2498 3959 τέλος

176 3993 347 4045 Matth.
386 4007 436 4043 V.
478 3991 544 4043 14
581 3991 646 4042 ad
682 3990 825 4042 urbis
862 3992 1013 4042 finem
1051 4006 1148 4042 non
1187 3990 1357 4043 mundi
1395 3989 1579 4059 trahit,
1617 3989 1765 4058 idque
1802 3990 1975 4041 studet
2011 3987 2274 4057 evincere,
2312 3985 2499 4042 revera

179 4087 288 4133 ante
344 4080 824 4149 Hierosolymorum
881 4080 1142 4133 interitum
1200 4080 1544 4148 Evangelium
1595 4081 1656 4133 ab
1711 4079 1977 4148 Apostolis
2033 4077 2214 4148 ubique
2269 4079 2498 4145 gentium

178 4169 511 4236 praedicatum
548 4186 690 4222 esse.
745 4169 1154 4237 chrysostomus
1189 4170 1467 4223 Eusebium
1505 4169 1708 4221 videtur
1744 4172 1952 4220 secutus
1992 4183 2115 4219 esse
2153 4167 2243 4234 (cf.
2279 4168 2497 4221 Nicetae

183 4258 284 4310 Cat.
323 4259 386 4309 ad
421 4255 604 4310 matth.
644 4257 789 4323 710).
866 4258 990 4310 Cum
1028 4258 1347 4310 Tertulliano
1392 4274 1520 4309 vero
1568 4262 1619 4308 et
1656 4256 1881 4323 Origene
1916 4255 2044 4308 facit
2086 4256 2495 4322 Augustinus

182 4346 232 4400 in
273 4346 452 4400 eximia
486 4345 726 4415 Epistola
770 4348 835 4400 ad
869 4347 1188 4415 Hesychium
1239 4343 1365 4399 data·
1404 4348 1482 4400 ed.
1518 4347 1688 4399 Maur.
1726 4346 1857 4398 Ven.
1904 4345 1954 4399 2.
2005 4344 2070 4399 Τ.
2106 4344 2175 4398 11.
2229 4346 2327 4413 Ep.
2375 4343 2493 4398 199.
