2934 4797
1572 251 1659 318 88

444 428 651 493 donee
696 415 939 492 videant
982 449 1236 511 regnum
1261 431 1375 492 Dei
1419 431 1671 493 veniens
1718 429 1777 494 ἐν
1806 430 2068 509 δυνάμει,
2125 428 2185 490 id
2224 429 2386 511 quod
2423 430 2557 490 sine
2592 428 2794 490 dubio

455 541 675 598 eventu
723 539 1174 617 comprobatum
1221 543 1347 599 est.-
1396 544 1458 597 et
1505 536 1688 597 simili
1734 535 1914 596 modo
1960 536 2105 597 Luc.
2152 535 2247 608 IX,
2289 535 2391 606 27,
2439 533 2645 595 donee
2690 537 2792 596 vi-

444 642 940 724 ⁸deantregnum
985 645 1118 707 Dei.
1191 645 1343 708 Alibi
1373 645 1648 706 Christus
1690 644 1845 705 adeo
1877 644 2086 716 docet,
2136 643 2509 705 salutiferum
2536 643 2794 704 Domini

458 766 680 810 annum
714 748 836 826 jam
868 752 994 829 agi3
1041 752 1185 831 quin
1213 749 1432 812 adesse
1455 749 1581 827 jam
1609 768 1863 829 regnum
1890 749 2005 811 Dei
2036 757 2095 811 et
2120 755 2358 828 praesto
2389 766 2548 820 esse,
2576 749 2643 810 in
2671 750 2797 809 sua
2891 760 2892 837 ᾗ

454 859 644 936 ipsius
691 859 950 936 persona
996 863 1057 918 et
1104 856 1250 920 Luc.
1294 856 1488 928 XVII,
1537 857 1649 921 ’20.
1698 846 1802 921 21.
1853 863 1916 919 et
1959 859 2019 917 in
2067 856 2369 936 parabolis
2416 855 2643 918 multis.
2694 891 2792 900 -—
2891 874 2892 923 t

451 961 656 1049 Matth.
700 956 848 1036 XVI,
889 963 992 1028 28.
1042 963 1217 1024 dicit:
1276 965 1388 1037 ἕως
1434 965 1509 1028 ἂν
1552 972 1724 1028 ἴδωσι
1766 960 2038 1028 τὸν-υἱὸν
2081 971 2189 1027 τοῦ
2235 961 2566 1045 ἀνθρώπου
2611 959 2792 1045 ἐρχό·

454 1095 628 1147 μενον
670 1071 729 1134 ἐν
773 1079 840 1154 τῇ
886 1072 1157 1152 βασιλείᾳ
1201 1070 1413 1143 αὖτοῦ;
1474 1091 1595 1133 non
1641 1070 1801 1132 nude
1850 1071 2022 1143 dicit,
2085 1072 2350 1131 hominis
2397 1069 2586 1131 filium
2633 1088 2793 1129 ven·
2891 1092 2892 1163 ᾗ

453 1184 684 1248 turum,
751 1196 869 1238 non
931 1176 1137 1254 adjicit
1194 1178 1512 1242 solennem
1567 1178 1728 1238 illam
1781 1177 2098 1237 formulam
2156 1176 2232 1238 ad
2276 1177 2574 1254 parusiam
2640 1194 2793 1237 eam

455 1286 898 1363 pertinentem,
965 1303 1120 1363 quae
1160 1284 1270 1346 suh
1317 1283 1502 1347 finem
1548 1284 1758 1345 mundi
1803 1284 1992 1347 eadit:
2056 1284 2116 1345 in
2163 1286 2419 1346 nubibus
2464 1285 2676 1344 veniet
2723 1290 2795 1343 et
2891 1338 2892 1359 2

455 1407 595 1449 enm
631 1389 896 1467 angeliS,
963 1407 1175 1468 magna
1221 1408 1360 1451 eum
1409 1390 1593 1469 gloria
1635 1397 1704 1451 et
1748 1389 2066 1467 majestate
2114 1387 2351 1464 (Matth.
2396 1387 2596 1458 XXIV,
2668 1386 2781 1452 30.

454 1494 559 1560 31.
634 1493 845 1569 XXVI,
894 1493 997 1560 64.
1043 1494 1244 1569 XXV,
1291 1495 1397 1561 31.
1441 1496 1594 1570 XVI,
1642 1498 1799 1572 27.),
1850 1497 1963 1558 sed
2008 1497 2178 1561 dicit:
2240 1499 2586 1558 venientem
2637 1512 2789 1555 eum

455 1600 732 1662 videbitis
780 1603 850 1660 in
897 1618 1123 1679 regno
1171 1616 1320 1689 suo.
1412 1604 1483 1663 V.
1534 1601 1615 1667 27
1667 1602 1907 1663 loeutus
1955 1611 2081 1665 erat
2142 1603 2217 1665 de
2265 1603 2507 1680 parusia
2554 1601 2625 1660 ad
2684 1616 2785 1659 ex-

457 1714 648 1797 trema
711 1712 983 1784 tempora
1044 1709 1379 1778 reservat&
1436 1707 1562 1784 jam
1607 1726 1750 1768 vero
1795 1727 1852 1771 v.
1901 1706 1985 1772 28
2048 1707 2182 1785 ejus
2235 1707 2525 1770 adventus
2576 1707 2785 1767 arrha-

452 1813 675 1872 bonem
725 1813 896 1890 quasi
949 1814 1238 1889 promittit
1286 1812 1533 1874 dicens:
1600 1813 1874 1876 nonnulli
1933 1831 2004 1874 ex
2058 1814 2175 1886 his,
2230 1815 2334 1893 qui
2388 1812 2487 1872 hio
2534 1811 2785 1880 adsunt,
2891 1844 2892 1853 κ

438 1916 576 1994 'jam
610 1916 899 1978 videbunt
926 1917 1371 1980 hominifilium
1417 1920 1487 1980 in
1533 1939 1757 2003 regno
1805 1917 2041 2001 saon)
2088 1919 2529 1981 advenientem.
2579 1917 2787 1992 Quam

454 2026 1041 2102 interpretationem,
1102 2025 1300 2088 addito
1356 2029 1573 2090 verbo:
1634 2027 1694 2091 ἐν
1754 2035 1824 2109 τῇ
1888 2029 2160 2109 βασιλείᾳ
2223 2027 2409 2090 αὑτοῦ
2465 2043 2785 2086 commen-

458 2130 686 2202 datam,
736 2134 838 2210 qui
883 2131 1115 2209 rejicit,
1177 2133 1413 2210 rejiciat
1460 2136 1644 2196 etiam
1690 2135 2046 2196 multifariae
2091 2136 2367 2214 parusiae
2416 2133 2785 2221 doctrinam.

457 2237 583 2300 Sed
611 2237 946 2300 Matthaeus
993 2241 1314 2320 praecipue
1361 2240 1424 2302 id
1469 2242 1647 2302 habet
1693 2244 1787 2317 (in
1823 2242 1939 2301 hoe
1969 2260 2209 2321 quoque
2238 2240 2454 2302 loanni
2489 2240 2785 2313 similior)
2891 2308 2892 2335 3

458 2351 525 2405 ut
568 2346 631 2405 in
680 2344 981 2406 ecelesiae
1021 2345 1302 2419 historia,
1351 2349 1410 2409 in
1443 2345 2028 2425 judieiis‘Evangelii
2059 2353 2120 2409 et
2147 2348 2427 2420 victoriis,
2473 2345 2788 2407 Christum

456 2459 841 2529 praesentem
888 2454 1069 2523 sciat,
1139 2429 1572 2515 et’deeursum
1620 2454 1904 2515 historiae
1953 2460 2129 2534 atque
2169 2453 2399 2531 judicia
2442 2453 2518 2514 de
2567 2452 2784 2517 adver-

456 2558 630 2618 sariis
676 2556 923 2620 ferenda
952 2556 1187 2619 Christo
1233 2560 1359 2637 regi
1406 2558 1647 2632 (Matth.
1693 2559 1789 2631 XI,
1838 2559 1942 2623 27.
1988 2558 2240 2630 XXVIII,
2296 2558 2427 2635 18.)
2473 2558 2779 2636 adsignet.

366 2656 377 2668 “
459 2660 640 2736 Quod
686 2664 925 2723 obvium
973 2670 1068 2724 est
1110 2661 1319 2725 Matth.
1366 2663 1436 2735 X,
1486 2663 1591 2728 23.
1624 2663 1785 2737 -XXI,
1831 2661 1937 2728 44.
1985 2665 2113 2740 (cll.
2162 2665 2266 2726 Le.
2313 2664 2459 2737 XIX,
2499 2663 2599 2728 14.
2637 2664 2785 2739 27.)

457 2766 667 2830 Matth.
697 2767 899 2840 XVIII,
932 2768 1034 2834 20.
1082 2768 1339 2841 XXVIII,
1370 2769 1484 2836 2οε
1530 2763 1805 2843 „Omnes
1853 2769 1983 2870 dies
2030 2789 2226 2850 usque
2273 2770 2346 2831 ad
2392 2771 2585 2831 seculi
2632 2788 2787 2830 eon-

458 2873 923 2934 summationem
982 2874 1293 2936 vobiscum
1354 2885 1525 2937 ero.“
1616 2876 1989 2948 MatthaeuS,
2055 2877 2201 2982 prae
2262 2875 2586 2937 duumviris
2649 2877 2786 2937 suis

459 2984 868 3059 praesentiam
914 2981 1136 3044 Christi
1181 3001 1519 3063 perennem
1563 2985 1839 3056 tradens,
1889 3003 2105 3047 novam
2152 3003 2452 3064 quamque
2498 2987 2587 3045 rei
2625 2986 2785 3047 ebri-

458 3089 689 3170 stianae
739 3092 1074 3163 victoriam,
1123 3109 1334 3153 novam
1383 3092 1602 3154 Christi
1647 3093 2080 3154 revelationem
2127 3100 2188 3154 et
2231 3110 2451 3155 novum
2498 3091 2632 3170 ejus
2679 3092 2787 3153 ad·
2891 3085 2892 3100 ¹

463 3200 708 3255 ventum
769 3212 908 3256 esse
966 3200 1261 3275 cognovit.
1355 3199 1585 3259 Similis
1645 3199 1792 3260 ratio
1841 3206 1935 3260 est
1992 3199 2258 3260 notionis
2310 3179 2412 3279 τῆς
2473 3201 2788 3278 βασιλείας
2891 3191 2892 3248 ἶ

462 3309 569 3364 τοῦ
622 3308 795 3366 θεοῦ.
892 3300 1248 3383 Quanquam
1307 3306 1467 3366 enim
1523 3322 1657 3366 eam
1702 3304 1832 3381 ,iam
1879 3305 2098 3367 adesse
2146 3308 2207 3366 in
2255 3281 2366 3366 sua
2410 3307 2599 3386 ipsius
2645 3324 2787 3384 per·
2891 3341 2892 3362 ι

464 3425 645 3480 sona,
713 3408 982 3470 Christus
1046 3408 1257 3481 docet,
1323 3410 1578 3489 apostoli
1643 3409 1931 3482 eredunt,
1996 3418 2200 3472 tamen
2263 3412 2543 3474 Servatur
2599 3410 2783 3473 doeet
2891 3425 2892 3440 ³

464 3513 783 3594 Apostolos
829 3517 1099 3594 precari:
1164 3516 1443 3596 Regnum
1489 3524 1657 3578 tuum
1701 3516 1976 3578 veniat!
2040 3517 2423 3580 Praesentiae
2464 3515 2599 3594 ejus
2644 3536 2779 3597 per·

602 3730 695 3796 44)
733 3733 1041 3786 Straussius
1080 3735 1115 3787 1.
1153 3752 1196 3787 e.
1235 3738 1308 3802 (v.
1346 3742 1452 3789 not.
1489 3736 1599 3802 43.)
1636 3735 1841 3803 proprio
1875 3737 2043 3788 Marte
2069 3735 2274 3801 posuit}
2328 3736 2449 3802 „die
2490 3735 2778 3788 Ver-siche-

462 3835 612 3887 rung,
645 3821 726 3873 die
756 3824 1040 3876 Ankunft
1078 3827 1188 3877 des
1214 3826 1811 3879 Mensehensohnes
1850 3826 2006 3878 noeh
2043 3841 2117 3876 zu
2153 3824 2472 3888 erleben,“
2508 3825 2778 3892 quodnul-

462 3909 549 3958 libi
588 3915 770 3961 exstat.
841 3913 1069 3966 Debebat
1104 3917 1311 3967 dieerez
1364 3917 1457 3966 das
1496 3916 1740 3970 Kommen
1790 3917 1881 3967 des
1921 3914 2400 3967 Mensehensohnes
2438 3916 2499 3965 in
2538 3915 2776 3965 seinem

462 3995 690 4047 Reieh:
729 4000 822 4049 sed
860 4001 1033 4052 omisit
1067 4002 1303 4054 callidius
1342 4018 1488 4071 quam
1524 4003 1700 4054 verius
1742 4002 1898 4054 verba
1933 4018 2024 4067 ea,
2072 4017 2200 4072 quae
2236 4002 2370 4052 satis
2399 4002 2585 4067 gravia
2612 4002 2775 4054 videri

461 4084 726 4153 debebant,
764 4103 874 4138 eum
893 4090 1066 4140 Lucas
1103 4095 1157 4141 et
1182 4092 1394 4143 Marsus
1432 4108 1497 4144 ea
1532 4093 1647 4144 sola
1680 4094 1917 4156 habeant,
1951 4107 2207 4158 personae
2246 4090 2444 4144 Christi
2480 4089 2774 4157 praesentis
2891 4149 2892 4156 ἵ

461 4179 512 4223 et
558 4175 880 4227 advenientis
931 4179 1237 4231 mentionem
1274 4182 1695 4247 praetermittant.
1768 4182 1837 4233 Et
1878 4187 2048 4233 tamen
2086 4182 2256 4234 huone
2299 4178 2465 4231 loeum
2514 4184 2567 4230 et
2611 4179 2775 4231 Marci
2891 4177 2892 4192 ¹

461 4263 759 4325 parallelum
797 4283 921 4319 esse
948 4255 1069 4326 Ἰοοο
1108 4269 1289 4325 Matth.
1326 4273 1439 4340 ipse
1477 4279 1780 4337 agnoverat.
