2934 4797
1608 265 1650 332 2

473 448 678 503 nostra
714 441 842 503 fore
879 460 1236 522 persuasum
1283 443 1502 518 habeo,
1552 444 1865 506 historiam
1901 461 2143 524 quoque
2189 443 2368 523 hujus
2413 445 2533 507 loci
2573 428 2811 523 'exege-

470 550 653 610 ticam
678 548 1061 628 perlustrare.
1109 550 1261 612 Nam
1295 550 1369 614 B.
1407 551 1820 613 Schottium
1867 549 2142 631 quidem,
2161 549 2204 632 ¹)
2253 568 2595 632 quanquam
2627 557 2810 612 cete-

470 657 643 736 roqui
687 655 1055 737 locupletem
1092 658 1217 719 loci
1262 657 1443 736 hujus
1492 658 2072 739 historiographum,
2121 677 2236 721 nec
2266 659 2502 722 Patrum
2530 658 2605 721 de
2652 658 2810 728 loco

468 769 675 826 nostro
723 767 1060 829 sententias
1110 765 1429 847 diligenter
1478 774 1540 829 et
1594 773 1872 829 accurate
1928 775 2257 842 tractasse,
2325 786 2443 830 nec
2496 770 2811 846 interpre-

467 872 711 934 tationis
760 870 1086 935 decursum
1131 873 1486 937 historicum
1534 872 1883 936 delineasse
1928 873 2127 938 video.

1603 1183 1671 1271 1.

639 1291 721 1404 Et
764 1339 1026 1419 primum
1072 1340 1319 1420 quidem
1367 1338 1516 1401 illud
1557 1347 1894 1402 memoratu
1937 1338 2182 1421 dignum
2207 1335 2467 1410 videtur,
2516 1338 2568 1399 si
2596 1338 2803 1417 prima

466 1443 780 1507 Ecclesiae
834 1454 1107 1527 tempora
1158 1454 1220 1509 et
1262 1449 1607 1510 recentiora
1652 1455 1941 1527 tanquam
1988 1445 2138 1508 duos
2195 1446 2510 1517 terminos·
2543 1444 2798 1506 ultimos

473 1569 593 1614 uno
623 1555 835 1616 obtutu
862 1536 1484 1645 fueris'comp'lexuS,
1509 1561 1899 1635 utrorumque
1927 1555 2451 1633 interpretationes
2488 1558 2556 1613 ut
2579 1552 2802 1632 majori

464 1679 499 1723 a
543 1642 682 1725 sese
728 1664 992 1727 invicem
1046 1682 1185 1725 esse
1239 1662 1575 1741 sejunctas,
1624 1681 1803 1744 quam
1849 1662 2222 1735 seculorum,
2272 1659 2434 1742 quod
2470 1659 2800 1738 interJacet

465 1773 689 1851 spatio,
716 1751 819 1835 'ita
866 1771 1121 1834 easdem·
1163 1766 1406 1833 ultimos
1455 1774 1631 1859 nohis
1676 1774 1990 1844 terminoS,
2039 1789 2157 1851 quo
2204 1770 2324 1831 loci
2368 1769 2560 1831 nostri
2605 1771 2795 1850 expli-

464 1878 619 1941 catio
675 1879 838 1941 abire
895 1882 1121 1959 possit,
1190 1879 1499 1942 exhibere.
1565 1875 1728 1954 *Quo
1790 1880 2027 1952 evenit,
2090 1885 2188 1952 ut,
2256 1878 2532 1959 opposito
2578 1878 2793 1958 utique

454 1984 656 2060 modo,
693 1973 1090 2049 'consentiant
1127 1987 1188 2047 in
1228 1985 1477 2048 eodem:
1528 1987 1831 2049 Christum
1877 1987 2120 2048 nonnisi
2166 1985 2242 2048 de
2288 1988 2441 2047 una
2485 2003 2573 2058 re,
2621 1992 2795 2049 certe

453 2091 660 2156 inde'a
698 2113 755 2159 v.
790 2093 889 2168 15,
918 2095 1119 2158 ²verba
1162 2090 1394 2155 facere:
1430 2094 1554 2183 ‘aut‘
1592 2093 1666 2156 de
1708 2093 1943 2172 judicio
1993 2101 2291 2167 extremo,
2338 2092 2397 2155 id
2439 2085 2602 2173 quod
2639 2093 2794 2154 anti-

456 2197 889 2284 quissimorum
933 2203 1170 2267 Patrum
1214 2222 1335 2265 non
1381 2204 1559 2284 pauci
1584 2196 1842 2278 volunt,
1876 2202 1922 2287 ²)
1970 2212 2069 2268 aut
2107 2203 2184 2266 de
2226 2203 2793 2283 Hierosolymorum

599 2433 652 2498 1)
689 2434 806 2486 Vid.
843 2434 909 2487 Vz
935 2436 998 2486 D.
1038 2434 1467 2488 commentarium
1506 2434 2170 2502 exegetico-dogmaticum
2207 2434 2261 2486 in
2301 2450 2394 2487 eos
2430 2435 2565 2487 Jesu
2586 2434 2791 2487 Christi

458 2536 759 2588 sermones,
811 2523 892 2591 qui
930 2523 991 2574 de
1029 2525 1197 2576 reditu
1235 2526 1350 2587 ejus
1399 2525 1464 2575 ad
1495 2524 1744 2587 judicium
1780 2525 1953 2576 futuro
1992 2527 2044 2575 et
2078 2522 2345 2588 Judicandi
2381 2524 2645 2592 provincia
2680 2524 2790 2591 ipsi

458 2611 760 2664 demandata
795 2615 967 2676 agunt.
1003 2611 1122 2663 Jen.
1162 2612 1315 2663 1820.

596 2699 652 2764 2)
692 2699 959 2752 Schottius
996 2700 1030 2751 l.
1070 2716 1115 2752 c.
1153 2717 1202 2768 p.
1241 2701 1327 2753 73.
1364 2703 1472 2752 not.
1510 2700 1595 2753 26.
1633 2701 1761 2754 haec
1785 2695 1966 2753 habeta
2001 2700 2287 2769 „Irenaeus
2318 2701 2432 2752 adv.
2461 2699 2604 2752 haer.
2636 2700 2683 2768 5,
2714 2701 2787 2753 25

459 2795 606 2859 atque
643 2790 874 2842 Hilarius
915 2791 1105 2841 Gomm.
1143 2790 1196 2841 in
1232 2783 1534 2846 manuhelis,
1563 2807 1756 2859 quoque
1794 2792 1968 2848 effatis
2007 2791 2270 2857 omnibus,
2325 2806 2454 2859 quae
2502 2807 2534 2842 a
2577 2806 2626 2842 v.
2662 2791 2785 2843 indo

459 2878 492 2929 4
516 2878 700 2931 Matth.
729 2894 888 2946 usque
916 2879 981 2929 ad
1008 2893 1054 2928 v.
1081 2877 1148 2929 29
1172 2878 1428 2948 leguntur,
1453 2869 1865 2946 'praedictionem
1891 2878 2070 2932 inesse
2096 2879 2523 2941 statuuntjudicii
2551 2880 2785 2950 extremi,

454 2970 602 3033 cujus
638 2966 807 3033 imago
846 2972 992 3035 atque
1028 2972 1184 3034 typus
1231 2967 1390 3020 fuerit
1436 2968 1645 3020 eversio
1684 2949 2215 3035 Hierosolymorum.“
2284 2968 2471 3020 Parum
2522 2973 2782 3020 accurate.

454 3059 766 3111 Irenaeus
803 3058 935 3110 enim
971 3058 1089 3127 quid
1127 3053 1228 3109 sibi
1263 3059 1464 3126 placeat
1499 3059 1560 3110 de
1598 3074 1647 3111 v·
1686 3058 1883 3110 4—14
1922 3074 2025 3111 non
2059 3059 2228 3127 prodit
2263 3059 2375 3111 loco
2412 3060 2486 3126 V,
2490 3056 2494 3061 ’
2538 3059 2638 3124 25,
2683 3073 2780 3110 nec

454 3149 668 3217 reliquis
711 3149 875 3216 lucie,
925 3149 1010 3201 ubi
1056 3149 1118 3201 de
1163 3148 1330 3215 capite
1365 3153 1547 3200 nostro
1583 3148 1820 3217 loquitur.
1893 3149 2105 3214 Allcgat
2140 3148 2277 3202 enim
2310 3153 2585 3217 praeterea
2619 3165 2667 3202 v.
2706 3150 2771 3200 21

452 3240 516 3291 L.
563 3239 626 3309 V,
674 3237 840 3306 295.
889 3239 937 3290 1.
987 3254 1034 3291 v.
1082 3236 1372 3320 35..LV,
1412 3238 1569 3305 355.
1608 3239 1851 3291 2—-v
1891 3239 2076 3292 2811
2116 3240 2203 3307 IV,
2245 3239 2327 3292 14.
2399 3239 2774 3292 Unustantum

450 3328 598 3380 locus
637 3333 823 3394 exstat,
860 3329 1007 3391 cnjus
1044 3342 1168 3395 pars
1209 3329 1273 3378 ad
1309 3328 1492 3379 matth.
1529 3328 1723 3396 XXIV,
1765 3329 1847 3379 17.
1884 3333 2069 3394 posset
2104 3328 2294 3380 referri
2330 3328 2420 3393 IV,
2459 3328 2557 3380 33:
2593 3328 2776 3395 „(cre-

454 3416 661 3481 debant)
698 3415 935 3468 veniente
973 3432 1034 3469 eo
1073 3417 1135 3468 de
1173 3415 1333 3469 coelis
1371 3431 1483 3468 cum
1522 3415 1728 3481 angelis
1756 3414 1967 3468 virtutis
1995 3418 2109 3480 eJus
2145 3415 2452 3468 commoveri
2479 3417 2775 3469 nniversam

450 3510 678 3572 terram,
724 3505 1137 3572 quemadmodum
1185 3504 1300 3572 ipse
1350 3503 1459 3571 eit,
1516 3505 1645 3557 erit
1688 3509 1915 3556 terrae
1963 3508 2166 3555 motus
2212 3520 2507 3572 magnus,
2562 3504 2771 3573 qualis

452 3612 573 3649 non
617 3599 719 3647 est
762 3595 973 3646 factus
1021 3596 1090 3647 ab
1126 3593 1316 3645 initio
1353 3590 1616 3646 mundi.“
1687 3592 1799 3645 Hoc
1834 3594 2042 3665 effatum
2079 3597 2246 3645 autem
2282 3593 2335 3645 in
2370 3594 2435 3647 N.
2476 3594 2537 3646 Τ.
2575 3594 2775 3646 frustra

453 3700 704 3754 quaeres3
739 3685 901 3737 verba
934 3677 1228 3752 posteriora
1263 3684 1424 3737 habes
1459 3684 1647 3735 Matth.
1684 3699 1735 3735 v.
1774 3685 1869 3751 213
1921 3684 1983 3735 de
2019 3689 2194 3736 terrae
2235 3690 2378 3736 motu
2422 3685 2592 3751 agitur
2631 3700 2678 3736 V.
2719 3683 2772 3753 7,

455 3790 550 3828 seu
571 3775 743 3842 potius
783 3777 845 3828 de
879 3780 1053 3827 terrae
1089 3776 1310 3828 motibus
1347 3769 1488 3827 κατὰ
1523 3766 1742 3842 τόπους,
1781 3791 1877 3828 nec
1911 3790 2037 3827 vero
2076 3790 2189 3827 cum
2223 3775 2394 3828 reditu
2413 3776 2614 3833 Christi
2645 3791 2773 3827 con—

448 3862 661 3928 junctis.
732 3861 974 3915 Massuet
1008 3863 1085 3914 ed.
1123 3863 1257 3914 Iren.
1293 3880 1342 3931 p.
1381 3861 1485 3914 274
1520 3867 1625 3914 not.
1664 3877 1716 3927 g·-
1754 3861 1883 3914 haec
1918 3862 2104 3925 verba,
2155 3876 2218 3914 ex
2260 3862 2508 3917 memoria
2552 3864 2781 3929 allegata·

455 3953 519 4004 ad
564 3968 610 4003 v.
657 3952 722 4004 21
769 3952 1027 4019 pertinere
1077 3950 1359 4018 existimat,
1415 3949 1502 4001 ubi
1548 3950 1611 4001 de
1659 3949 1990 4002 tribulatione
2034 3947 2226 4016 magni»
2276 3967 2450 4004 sermo
2505 3958 2603 4003 est.
2667 3953 2773 4003 Sed

418 4042 429 4051 ⁶
452 4058 600 4111 quum
617 4042 677 4094 1..
713 4041 781 4107 V,
818 4041 884 4093 29
924 4040 1055 4093 hunc
1091 4040 1272 4092 Matth.
1310 4054 1521 4091 versum
1559 4043 1797 4091 accurate
1836 4039 2058 4107 referat,
2097 4045 2150 4092 et
2185 4057 2334 4109 quum
2371 4042 2619 4093 Irenaeus
2653 4039 2768 4091 loco

450 4133 544 4199 IV,
593 4132 660 4184 33
698 4132 760 4184 de
797 4131 994 4183 Christi
1032 4130 1199 4182 reditu
1234 4129 1506 4194 magnifico
1543 4128 1761 4195 cogitet,
1812 4129 1874 4180 de
1919 4145 2015 4197 quo
2052 4146 2147 4182 nec
2184 4130 2367 4181 111111111.
2408 4147 2455 4183 v.
2496 4130 2527 4182 7
2565 4128 2674 4197 (cll.
2709 4129 2767 4194 8)

452 4221 639 4274 mentio
685 4222 771 4272 fitz
829 4236 857 4271 e
893 4220 1140 4271 memoria
1187 4217 1382 4286 quidem
1427 4217 1558 4270 haee
1603 4218 1766 4268 verba
1800 4217 2026 4283 allegata
2068 4219 2315 4287 dixerim,
2366 4219 2460 4270 sed
2505 4217 2768 4284 respicere

452 4310 717 4382 Matthav.
755 4306 821 4361 29
848 4309 904 4361 ff.
934 4308 1013 4361 cll.
1050 4308 1143 4360 Lc.
1171 4306 1256 4359 25.
1284 4305 1369 4358 26.
1443 4304 1575 4369 Quid
1607 4305 1856 4362 Irenaeus
1892 4305 2054 4372 icitur
2088 4307 2150 4358 de
2188 4321 2272 4359 vv.
2309 4305 2487 4361 4-14
2523 4306 2765 4376 senserit,
