2934 4797
1285 235 1496 341 353

169 453 501 527 Messinm,
558 455 660 518 ubi
704 456 1006 528 venisset,
1055 454 1258 517 statim
1300 472 1509 516 rerum
1551 445 1878 535 potiturum
1925 468 2193 532 suosque
2240 457 2484 512 aeterne

165 560 664 627 beatificaturum.
715 562 1162 626 Lustrationem
1207 561 1509 643 quandam
1556 568 1619 624 et
1665 563 2063 641 expiationem
2096 559 2305 640 populi
2331 576 2485 620 non-

164 671 320 733 nulli
389 675 842 735 antecessuram
905 674 1199 753 putabant
1258 671 1428 751 regni
1493 669 1786 734 Messiani
1850 666 2089 751 (αἰῶνός
2150 667 2486 747 μέλλοντος)

164 785 468 859 tempora.
532 778 656 849 Sed
700 777 991 842 Messinm
1034 780 1233 859 ipsum
1277 780 1537 842 liberum
1580 778 1710 841 fore
1756 776 2040 857 putabant
2084 793 2118 837 a
2162 776 2484 854 passione:

165 903 288 947 nec
335 903 515 947 secus
563 885 697 964 ejus
746 886 1038 949 asseclas,
1103 885 1428 966 Apostolos
1477 903 1717 966 quoque
1748 883 1820 946 ab
1851 884 1962 944 hac
1998 900 2107 962 spe
2138 880 2486 958 difficillime

169 995 415 1057 avulsos
464 995 830 1068 esse‚=cu1'n
875 996 1152 1059 Christus
1197 998 1461 1069 viveret,
1510 996 1658 1057 satis
1704 1001 1916 1056 notum
1966 999 2080 1054 est.
2173 988 2300 1052 Sed
2345 992 2490 1072 quid

165 1103 247 1164 ad
291 1104 411 1165 hoc
454 1103 720 1167 Christus
764 1107 896 1169 viae
944 1122 1088 1168 suae
1137 1110 1199 1167 et
1240 1104 1487 1168 rationis
1535 1103 1734 1166 divino
1782 1100 1963 1164 modo
2010 1101 2154 1163 satis
2202 1101 2485 1162 conscius

169 1211 546 1293 certusque?
621 1212 934 1276 Summam
979 1230 1221 1294 operam
1266 1215 1331 1273 in
1370 1231 1444 1274 eo
1491 1212 1725 1292 posuit,
1792 1217 1858 1273 ut
1892 1212 2024 1274 viae
2071 1226 2220 1273 suae
2278 1205 2485 1271 tardae

170 1319 424 1400 quidem
495 1319 612 1383 sed
689 1323 924 1384 ethicae
1002 1341 1108 1383 eos
1174 1320 1608 1384 adsuefaceret.
1716 1317 1862 1382 ldeo
1926 1318 2008 1380 ita
2072 1335 2181 1379 eos
2227 1314 2487 1388 edocet,

171 1444 515 1508 quanquam
576 1430 708 1509 ipse
760 1431 848 1492 sit
910 1428 1209 1502 MessiaS,
1278 1447 1544 1511 quocum
1601 1434 1845 1508 praesto
1902 1427 1984 1486 sit
2039 1443 2294 1505 regnum
2354 1425 2488 1497 Dei,

168 1533 542 1598 veniendum
585 1544 787 1599 tamen
835 1537 953 1600 sibi
997 1539 1259 1617 primurn
1301 1536 1518 1598 humili
1562 1542 1735 1607 statu,
1779 1533 2034 1614 gloriam
2080 1552 2224 1609 vero
2261 1531 2489 1594 mundo

169 1644 458 1706 universo
487 1651 871 1725 apparentem
898 1645 1321 1726 reliquendam
1360 1628 1577 1706 diebus
1609 1643 1912 1707 extremis.
1961 1640 2231 1721 Tempus
2268 1658 2490 1705 novum

175 1747 415 1829 (Matth.
461 1749 566 1822 IX,
622 1748 721 1815 16.
766 1750 899 1823 XII,
948 1750 1009 1815 7.
1057 1750 1268 1822 8.·ΧΙ,
1324 1749 1433 1815 12.
1484 1749 1609 1833 13.)
1660 1747 2017 1823 advenisse,
2078 1766 2217 1810 cum
2267 1748 2300 1813 ὃ
2348 1743 2494 1812 αἰών

173 1858 282 1936 qui
330 1858 793 1944 exspectabatur
833 1857 892 1941 (ὁ
940 1855 1087 1923 αἰών
1129 1857 1379 1940 μέλλων)
1417 1864 1659 1939 praesto
1699 1859 1777 1920 sit
1797 1855 2038 1935 (Matth.
2066 1856 2163 1930 lv,
2199 1855 2299 1921 17.
2342 1854 2491 1929 xv1,

175 1961 287 2026 28.
333 1962 480 2025 Luc.
523 1963 701 2036 xvn,
748 1964 855 2029 21.
900 1963 1111 2028 Matth.
1156 1964 1312 2038 xxi,
1358 1956 1491 2048 44).
1586 1962 1710 2027 Sed
1757 1964 1919 2026 hunc
1966 1981 2088 2025 non
2134 1981 2255 2025 uno
2301 1963 2491 2024 omni·
2546 1957 2552 1967 ’

173 2069 483 2147 potentiae
513 2077 660 2132 nutu
689 2074 892 2160 omnia
924 2089 1032 2133 sua
1060 2073 1394 2144 absolvere,
1427 2067 1540 2133 sed
1565 2072 1839 2134 absoluto
1867 2073 2061 2151 primo
2093 2086 2288 2150 eoque
2311 2070 2491 2148 longo

70 2160 84 2167 “
172 2183 455 2256 tempore
483 2176 714 2259 (Matth.
743 2178 838 2250 xl,
894 2177 995 2261 13)
1044 2192 1204 2241 nunc
1251 2197 1492 2260 quoque
1525 2178 1643 2241 duo
1674 2181 1864 2258 spatia
1902 2196 1971 2239 se
2008 2177 2227 2239 offerre
2261 2176 2493 2255 (Matth.

173 2286 327 2360 XVI,
359 2286 466 2353 25.
499 2286 606 2355 26.
635 2290 737 2352 cil»
765 2289 898 2372 27),Ι
943 2291 1006 2351 in
1057 2309 1215 2372 quae
1257 2292 1550 2371 temporis
1596 2292 1737 2354 novi
1774 2291 1971 2351 unitas
2002 2288 2397 2369 dispescatur.
2417 2282 2493 2366 Η’)

180 2394 352 2475 Opus
400 2393 502 2457 dei
546 2396 851 2459 internum
889 2416 1031 2459 esse
1082 2396 1345 2471 debere,
1405 2397 1469 2458 in
1518 2397 1744 2460 intimis
1792 2397 2027 2458 animae
2086 2392 2496 2476 penetralibus

174 2504 437 2583 primum
482 2504 900 2584 plantandum3
947 2505 1178 2568 idcirco
1225 2509 1500 2587 ignotum
1545 2506 1716 2568 initio
1766 2511 1827 2567 et
1867 2504 2130 2585 ignobile
2175 2499 2335 2575 visu,
2384 2500 2496 2563 sed

176 2613 261 2673 ita
307 2620 741 2692 comparatum,
788 2621 852 2677 ut
895 2631 1160 2677 massam
1203 2620 1477 2697 veterem
1523 2619 1834 2694 penetret,
1883 2611 2254 2691 redintegret
2302 2616 2363 2671 et
2399 2627 2494 2671 re-

179 2726 452 2797 generet.
545 2717 864 2793 Quomodo
908 2737 1051 2781 vero
1098 2719 1248 2801 haec
1297 2721 1502 2782 omnia
1550 2719 1855 2799 apostolos
1903 2735 2047 2779 suos
2098 2716 2368 2790 edocuit,
2434 2722 2497 2780 et

135 2824 439 2905 ,flagrans
499 2829 841 2889 messianae
900 2826 1234 2906 majestatis
1297 2825 1673 2889 desiderium
1718 2829 1797 2888 ita
1846 2826 2132 2899 sedavit,
2177 2833 2244 2888 ut
2302 2842 2493 2906 aequo

177 2934 380 2994 animo
442 2911 672 2997 ferrent
731 2932 1082 2996 dilationem
1139 2935 1314 2997 istam
1372 2933 1640 2997 novam?
1712 2932 1934 2996 Mirum
1989 2950 2134 2994 sane
2191 2938 2252 2995 et
2295 2933 2493 3012 magni

177 3039 469 3119 ponderis
518 3058 659 3102 esse
704 3040 968 3115 videtur,
1016 3039 1178 3122 quod
1222 3043 1303 3103 nil
1352 3043 1473 3104 nisi
1518 3044 1729 3105 mortis
1775 3060 1920 3104 suae
1966 3043 2196 3103 mentio
2242 3060 2351 3103 eos
2398 3059 2491 3103 sa-

177 3150 376 3211 nabat.
422 3147 493 3209 In
519 3146 668 3211 Jesu
697 3147 920 3210 Christi
945 3156 1139 3211 morte
1171 3149 1491 3212 Christiani
1517 3150 1698 3214 vitam
1727 3150 1938 3213 mundi
1966 3149 2173 3214 vident
2205 3152 2489 3230 positam3

179 3256 379 3317 crucis
426 3255 666 3336 signum
711 3258 1022 3337 antiquum
1066 3257 1357 3320 mundum
1406 3259 1578 3339 quasi
1626 3277 1659 3321 e
1707 3258 2053 3321 cardinibus
2098 3260 2370 3331 revulsit,
2429 3264 2491 3321 et

178 3381 318 3425 cum
356 3381 652 3444 praeceps
697 3374 902 3428 rueret
947 3365 1025 3428 ad
1069 3367 1394 3440 interitum,
1445 3385 1586 3428 cum
1621 3368 2018 3449 regeneravit.
2065 3366 2234 3430 Mors
2271 3366 2488 3430 Christi
2586 3360 2592 3367 ’

176 3472 491 3534 morientis
541 3474 766 3535 amoris
811 3474 1115 3538 victoriam
1164 3473 1422 3548 exhibet,
1472 3482 1535 3539 et
1571 3478 1740 3557 quasi
1768 3483 2001 3541 tessera
2030 3474 2358 3555 judicanda
2394 3481 2489 3538 est

323 3702 412 3767 13)
457 3702 620 3770 Atque
665 3719 728 3754 ea
761 3703 900 3755 inest
935 3703 1214 3756 similitudo
1251 3703 1411 3756 statui
1447 3703 1749 3756 intermedio
1784 3720 1895 3757 cum
1931 3704 2205 3771 praeterito
2243 3708 2487 3773 tempore,

178 3806 387 3858 quocum
419 3807 518 3844 11110
549 3796 686 3844 fluxu
705 3792 964 3859 cohaeret,
999 3797 1057 3844 ut
1089 3794 1334 3860 temporis
1370 3793 1618 3845 instantis
1657 3810 1753 3846 seu
1787 3794 2071 3846 interme(
2187 3798 2190 3799 ’

179 3895 327 3947 quam
363 3879 638 3932 christiani
672 3882 879 3949 propior
915 3897 1041 3935 esse
1077 3882 1242 3933 videri
1276 3882 1449 3950 possit
1485 3887 1717 3935 anteacto
1756 3884 1949 3952 spatio,
1998 3902 2023 3953 q

179 3984 276 4036 quo
322 3973 520 4035 tempus
568 3969 769 4022 omniuo
813 3985 915 4021 11011
962 3970 1089 4036 erit,
1140 3970 1235 4022 sed
1282 3971 1565 4022 aeternitas
1611 3972 1864 4024 sanctitas
1903 3977 1955 4024 et
1989 3974 2018 4024 b

179 4057 373 4110 Idcirco
411 4057 540 4126 apud
575 4058 785 4109 Paulum
822 4056 1104 4125 reperimus
1141 4053 1239 4112 τὸν
1287 4057 1465 4112 αἰῶνα
1512 4057 1707 4115 τοῦτον
1740 4060 1814 4130 τῷ·
1850 4059 2009 4114 αἰῶνι
2481 4061 2488 4110 i

180 4146 323 4197 modo
362 4145 665 4215 oppositum,
703 4151 852 4214 atque
889 4152 1039 4200 antea
1072 4152 1272 4213 tempus
1308 4148 1677 4215 Prophetarum
1714 4150 2023 4218 opponebatu

181 4233 349 4287 siano.
387 4236 453 4287 cf.
474 4236 618 4289 Rom.
637 4233 782 4305 XIII,
823 4237 1045 4291 11-13.
1086 4237 1190 4291 Sed
1224 4238 1292 4291 οἲ.
1329 4253 1527 4309 quoque
1565 4239 1592 4291 1
1621 4238 1814 4292 Thess.
1852 4240 1916 4308 V,
1951 4238 2142 4295 4—10.
2178 4240 2322 4294 Rom.
2342 4244 2487 4329 vm

182 4327 331 4381 39.1
373 4324 493 4379 Gor.
526 4327 623 4395 111,
661 4328 746 4380 22.

1984 4408 2072 4470 3*
