2934 4797
1578 264 1661 330 90

456 441 608 500 tium
654 438 800 500 alias
849 441 923 502 ab
971 440 1105 500 aliis
1153 449 1467 519 separante
1532 441 1801 511 sublato,
1835 418 2165 527 'nationem
2227 456 2477 521 quarum
2525 443 2797 520 quaevis

462 563 608 605 suas
653 545 838 607 habet
883 544 1149 615 vii-tutes,
1190 546 1315 627 ¹iam
1362 566 1503 608 suas
1550 550 1799 626 quaevis
1849 547 2023 609 dotes
2061 546 2318 609 afferant
2353 550 2415 609 in
2447 565 2795 608 commune

457 653 765 714 Ecclesiae
810 653 1224 715 beneficium?
1273 652 1497 728 Quales
1545 663 1716 735 putas
1764 657 2124 734 cognitionis
2172 656 2412 719 divinae
2453 665 2513 717 et
2550 656 2796 716 amoris
2891 698 2892 705 κ

459 760 857 820 remotissima
911 759 1037 836 jam
1099 777 1233 820 cum
1279 762 1562 838 proximis
1611 761 1892 822 facillime
1943 760 2367 840 conjungentis
2414 762 2613 821 fontes
2671 777 2796 838 per
2891 840 2892 853 ἵ

460 868 710 927 arterias
768 869 940 945 quasi
1006 846 1246 945 generis
1309 867 1555 927 humani
1618 873 1679 928 et
1731 886 1916 930 venas
1974 880 2405 948 usquequaque
2461 883 2796 945 promana-
2891 856 2892 911 Ῠ

456 978 653 1044 turos,
718 972 1115 1052 undequaque
1166 973 1674 1037 redundaturos?*.
1730 974 2005 1036 Profecto
2052 977 2150 1036 hic
2195 993 2396 1035 rerum
2434 980 2629 1034 status
2670 974 2799 1032 erit

459 1079 628 1156 quasi
671 1077 1090 1158 Palingenesia
1128 1080 1378 1156 generis
1425 1080 1666 1140 humani
1713 1088 1846 1150 aut,
1903 1089 1967 1140 ut
2012 1080 2182 1163 Pauli
2225 1080 2421 1140 verbis
2470 1088 2640 1147 utar.·
2706 1078 2796 1139 de
2891 1070 2892 1073 ¹

461 1184 575 1243 hoc
622 1192 891 1261 tempore
938 1184 1242 1262 loquentis
1290 1185 1492 1259 (Rom.
1544 1185 1638 1257 IX,
1694 1184 1794 1266 15)
1827 1182 1969 1266 ζωὴ
2007 1185 2078 1249 ἐκ
2122 1192 2422 1268 νεκρῶν.
2502 1184 2794 1246 Forsitan

457 1288 681 1350 idcirco
730 1290 844 1349 hoc
888 1295 1132 1367 tempus
1181 1309 1213 1351 a
1263 1293 1449 1351 sacris
1481 1292 1789 1369 scripturis
1830 1299 2069 1353 vocatur
2096 1292 2560 1378 resurrectionis
2597 1300 2792 1370 typus

460 1393 571 1456 seu
615 1399 979 1457 resurrectio
1024 1400 1234 1477 prima,
1282 1417 1459 1478 quam
1501 1398 1698 1459 Lucae
1736 1399 1915 1460 verba
1960 1397 2225 1459 indicare
2263 1416 2445 1477 posse
2481 1397 2790 1460 vidimus,

464 1499 663 1575 Quum
726 1520 869 1564 vero
927 1508 1140 1565 aetatis
1199 1505 1357 1565 illius
1417 1503 1531 1565 flos
1580 1508 1832 1566 eximius
1879 1505 2025 1566 illud
2074 1524 2311 1586 quoque
2356 1507 2658 1586 requirat,
2720 1514 2791 1567 ut

456 1610 718 1670 virorum
764 1612 1006 1689 ingenio
1056 1620 1115 1672 et
1144 1613 1350 1691 spiritu
1380 1614 1834 1691 praestantium,
1881 1613 2217 1692 frequentia
2249 1612 2522 1693 gaudeat,
2568 1611 2783 1674 forsan

458 1716 717 1775 virorum
773 1719 1049 1801 ingenia,
1117 1736 1369 1797 quorum
1429 1717 1900 1798 unumquodque
1957 1720 2046 1779 sui
2107 1723 2399 1798 temporis
2450 1720 2783 1780 ecclesiam

460 1824 901 1900 angustioribus
963 1824 1165 1903 utique
1219 1824 1438 1885 finibus
1505 1826 1888 1887 constrictam
1944 1826 2106 1887 alere
2157 1832 2218 1886 et
2261 1826 2473 1887 fulcire
2520 1834 2780 1904 poterat,

453 1927 578 2004 jam
623 1928 696 1989 ad
743 1928 1076 2006 regendum
1120 1932 1466 1989 universum
1524 1947 1716 2009 genus
1778 1931 2104 1991 humanum
2164 1911 2393 1992 nomini
2452 1932 2781 1992 christiano

461 2034 795 2106 addictum,
864 2043 1035 2096 erunt
1083 2039 1459 2107 consociata;
1535 2045 1594 2098 et
1648 2055 1799 2116 quac
1857 2040 2030 2118 quasi
2077 2057 2185 2117 per
2230 2038 2468 2118 longam
2516 2028 2781 2099 aetatum

460 2143 682 2202 seriem
729 2158 930 2220 sparsa
979 2149 1166 2214 erant,
1218 2161 1288 2203 ea
1337 2143 1582 2204 forsitan
1632 2145 1704 2205 ad
1753 2146 1931 2205 unius
1975 2146 2267 2223 temporis
2314 2143 2544 2215 florem,
2593 2145 2779 2205 veluti

459 2254 520 2311 in
583 2251 889 2331 epularum
946 2252 1343 2331 spiritualium
1392 2255 1671 2313 eximiam
1717 2265 2032 2325 coronam,
2096 2244 2420 2315 convocata
2482 2259 2656 2313 erunt
2705 2251 2776 2311 ab

459 2358 768 2420 Ecclesiae
829 2375 1063 2419 summo
1109 2357 1395 2429 Rectore,
1461 2363 1524 2419 et
1583 2359 1752 2438 quasi
1806 2361 2168 2420 reviviscent
2227 2336 2458 2438 optima
2498 2374 2771 2437 quaeque

460 2467 916 2544 praeteritorum
960 2473 1299 2544 temporum
1347 2466 1707 2526 charismata
1756 2473 1816 2525 et
1860 2467 2084 2543 ingenii
2119 2466 2452 2527 facultates,
2519 2463 2587 2525 ld
2631 2483 2774 2544 quo·

466 2591 582 2652 que
621 2575 821 2635 vocari
867 2574 1085 2651 poterit
1144 2573 1508 2633 resurrectio
1554 2573 1778 2650 prima;
1841 2573 2059 2633 similis
2108 2574 2267 2633 enim
2313 2573 2463 2633 ratio
2511 2578 2639 2632 erat
2686 2589 2774 2664 re-

465 2680 855 2741 surrectionis
902 2680 1087 2751 Eliae,
1137 2697 1286 2758 quae
1334 2679 1396 2738 in
1442 2678 1673 2748 Joanne
1719 2679 1978 2758 Baptista
2024 2678 2237 2750 fiebat,
2287 2681 2387 2759 qui
2423 2685 2663 2740 vocatur
2706 2679 2772 2738 ab

469 2787 601 2865 ipso
649 2785 884 2847 Christo
931 2785 1115 2847 redux
1156 2803 1188 2846 a
1237 2786 1484 2845 mortuis
1530 2785 1706 2846 Elias,
2187 2789 2192 2794 ’

640 2889 807 2965 Quae
856 2892 1399 2972 quomodocunque
1447 2909 1588 2951 sese
1626 2890 1877 2951 habent:
1935 2889 2080 2950 illud
2138 2890 2445 2969 probatum
2506 2889 2771 2958 arbitror,

467 2996 871 3074 abjiciendam
933 3015 1073 3057 esse
1141 2997 1625 3075 desperationem
1682 2994 1756 3056 de
1814 2995 1949 3055 loco
2005 3000 2211 3056 nostro
2279 3000 2434 3058 inter
2502 2995 2773 3056 cordatos

466 3122 705 3183 quoque
765 3103 1106 3182 Theologos
1168 3106 1433 3175 obviam,
1501 3103 1951 3182 suscipiendam
2009 3120 2151 3164 vero
2209 3102 2639 3166 dubitationem
2700 3100 2772 3161 de

468 3211 787 3288 opinione,
856 3228 1007 3290 quae
1061 3218 1256 3271 certas
1321 3211 1606 3273 orationis
1674 3210 1888 3270 Christi
1946 3210 2362 3271 distinctiones
2426 3216 2771 3289 certumque

464 3333 849 3394 progressum
896 3314 1216 3376 desiderat.
2093 3306 2100 3314 ’

1350 3750 1882 3806 *waresca——
