2934 4797
1286 251 1372 319 47

164 429 419 493 lerante.
458 429 698 494 Revera
742 429 819 492 id
864 432 1372 511 potissimum
1416 429 1843 494 tenendum
1891 436 2042 515 est,
2092 429 2487 491 Christum

161 536 252 599 ad
314 539 839 619 impatientes
901 538 1489 619 discipulorum
1558 540 2087 618 quaestiones
2154 555 2489 617 respon-

162 645 483 710 dentem
541 647 725 709 inde
786 667 820 710 a
878 667 937 713 ν.
996 644 1042 712 4
1100 667 1348 730 usque
1393 647 1485 710 ad
1527 667 1584 713 v.
1638 640 1719 712 12
1762 649 2081 709 omnino
2119 664 2272 709 nou
2314 663 2487 709 ver-

161 756 321 816 sari
350 756 426 815 in
457 754 1029 817 commendanda
1061 757 1617 835 exspectatione
1649 755 1956 832 Christi3
1985 773 2062 817 ne
2093 772 2212 815 uno
2242 752 2490 832 quidem

157 858 474 923 verbo-hic
501 860 751 933 indicat,
792 879 1040 940 semper
1075 861 1475 941 vigilandum,
1503 862 1726 941 quovis
1764 867 2039 940 tempore
2067 858 2359 922 Messiam
2389 876 2489 920 ex-

158 968 564 1048 spectandum
592 968 780 1052 (quod
808 989 917 1032 suo
940 969 1079 1048 jure
1116 970 1331 1057 potuit)
1372 970 1505 1034 scd
1532 962 1728 1034 totus
1766 972 1838 1031 in
1872 989 1955 1032 eo
1996 976 2134 1043 est,
2178 977 2254 1032 ut
2288 987 2490 1049 prae·

157 1092 540 1154 properam
577 1075 1112 1156 discipulorum
1145 1095 1348 1158 spem
1383 1074 1858 1157 reprimat.¹²)
1915 1075 2058 1138 Post
2093 1076 2491 1156 pseudochri-

160 1188 400 1242 storum
455 1184 830 1246 mentionem
889 1201 944 1245 v.
993 1181 1033 1249 5
1078 1183 1359 1263 procedit
1414 1184 1492 1247 ad
1533 1185 1650 1245 alia
1695 1201 1836 1245 cum
1879 1182 2189 1261 Evangelii
2223 1184 2490 1246 ,historia

161 1306 462 1361 connexa,
510 1297 613 1351 aut
635 1289 945 1369 Evangelii
986 1292 1210 1371 vigore,
1259 1293 1375 1371 qua
1411 1293 1653 1371 peceati
1682 1291 1814 1353 labe
1852 1290 2139 1352 affectum
2170 1297 2265 1353 est
2294 1308 2489 1369 genus

158 1397 508 1469 humanum,
542 1397 864 1458 excitanda.
913 1397 1078 1467 Bella
1108 1405 1298 1471 erunt,
1334 1398 1753 1479 bellorumque
1781 1397 1974 1460 famae
2007 1405 2069 1460 et
2095 1400 2365 1460 incertus
2393 1415 2490 1460 re·

159 1521 298 1564 rum
320 1503 696 1583 publicarum
724 1503 871 1565 ordo
900 1503 1215 1579 Luczxxl,
1247 1504 1306 1573 9.
1339 1505 1550 1569 Matth.
1580 1525 1635 1568 v.
1670 1505 1732 1570 6.
1763 1504 1882 1570 Mc.
1902 1523 1956 1568 v.
1984 1505 2043 1570 7.
2082 1504 2248 1568 Gens
2278 1513 2487 1567 contra

160 1616 440 1690 gentem,
470 1629 731 1690 regnum
761 1618 968 1680 eontra
997 1631 1252 1692 regnum
1287 1615 1701 1686 suscitabitur,
1736 1616 1778 1676 i.
1812 1633 1866 1675 e.
1902 1613 2279 1693 evangelium
2307 1609 2494 1693 gladii·

159 1702 355 1783 instar
382 1717 714 1781 dissecabit
737 1720 892 1783 male
910 1720 1247 1800 conjuncta,
1272 1729 1337 1784 ut
1359 1740 1505 1819 vere
1526 1721 1740 1801 jungat
1760 1720 1842 1805 (va
1854 1740 1914 1801 p.
1932 1721 2094 1803 38.):
2114 1728 2360 1784 naturae
2387 1736 2491 1782 au-

158 1832 293 1887 tem
319 1823 737 1904 phaenomena
767 1829 1232 1893 concomitantia
1256 1829 1427 1908 quasi
1445 1828 1775 1908 depingant
1801 1835 1999 1889 motus
2030 1833 2091 1889 et
2117 1826 2394 1890 turbines
2424 1828 2488 1887 in

161 1930 572 2011 spiritualibus
602 1930 846 1993 orbibus
877 1929 1112 1994 orturos
1146 1932 1317 2013 (Luc.
1342 1954 1398 1998 v.
1425 1933 1550 2016 11).
1600 1932 1729 1996 Sed
1757 1952 2004 2014 semper
2033 1932 2251 1995 eadem
2282 1950 2490 1994 recur-

159 2040 243 2099 rit
288 2035 649 2107 admonitio;
714 2056 917 2099 errore
973 2040 1465 2119 implicaremiui,
1519 2042 1576 2101 si
1621 2034 1733 2101 ho's
1772 2048 2025 2103 eventus
2041 2040 2068 2113 ,'
2126 2041 2226 2121 qui
2271 2058 2491 2102 neces-

161 2147 327 2208 sario
380 2143 687 2223 Evangelii
746 2147 1058 2209 introitum
1117 2154 1453 2228 sequuntur
1513 2146 1745 2229 (Matth.
1789 2164 1845 2210 v.
1899 2147 1961 2213 6.
2008 2155 2100 2212 δεῖ
2135 2144 2247 2231 γάρ
2300 2144 2491 2211 πάντα

158 2244 461 2334 γενέσθαι)
508 2254 787 2331 parusiae
822 2253 1095 2336 finisque
1142 2255 1352 2325 mundi
1411 2258 1697 2319 instantis
1752 2258 1996 2335 signum
2048 2259 2352 2318 duceretis
2409 2256 2486 2336 (v.

164 2359 227 2426 6.
278 2362 399 2425 ἀλλ’
452 2360 616 2426 οὔπω
658 2361 781 2427 ἐστι
821 2359 890 2428 τὸ
929 2348 1114 2439 τέλζος.
1160 2364 1283 2431 Mc.
1322 2384 1377 2431 V.
1428 2365 1492 2431 7.
1557 2363 1705 2430 Luc.
1744 2383 1797 2428 v.
1845 2363 1886 2429 9
1936 2365 2057 2429 ἀλλ’
2111 2365 2217 2428 οὐκ
2261 2362 2490 2437 εὐθέως

161 2465 237 2532 τὸ
267 2466 483 2549 τέλος),
530 2474 593 2529 et
635 2487 840 2532 rursus
878 2489 934 2535 v,
976 2469 1018 2535 8
1047 2472 1200 2533 haec
1237 2474 1437 2535 omnia
1469 2470 1851 2540 solummodo
1880 2472 2043 2532 initia
2078 2487 2281 2531 rerum
2309 2487 2489 2532 nova-

163 2594 335 2649 rum,
390 2576 596 2649 ὠδῖνες
641 2577 857 2638 mundi
892 2581 1033 2641 novi
1076 2578 1358 2658 pariendi
1412 2587 1855 2661 nuncupantur.
1943 2578 2017 2641 Et
2059 2577 2254 2639 Lucas
2303 2576 2486 2657 plane

169 2702 244 2745 ex
287 2684 497 2754 natura
543 2684 858 2763 evangelii,
907 2684 1131 2763 adjicit,
1179 2689 1528 2768 priusquam
1556 2688 1710 2753 haec
1747 2687 1948 2748 omnia
1988 2687 2285 2757 eveniant,
2334 2702 2486 2765 quae

165 2807 551 2870 nequaquam
603 2786 673 2854 zo
711 2791 881 2888 τέλος
927 2793 1080 2864 sint,
1148 2801 1250 2856 aut
1292 2792 1435 2855 finis
1479 2812 1671 2874 prope
1717 2793 1995 2854 instantis
2049 2793 2256 2870 signa,
2320 2792 2489 2853 Chri·
2577 2837 2582 2844 .

168 2897 403 2958 stianos
424 2883 916 2977 persecutionem
936 2905 1015 2960 et
1021 2900 1389 2964 ludaeorum
1420 2900 1552 2984 (ow
1552 2908 1851 2984 αγωγῶνν.
1879 2900 1959 2966 12
1981 2899 2101 2964 Mc.
2117 2919 2170 2963 v.
2190 2897 2256 2982 9)
2278 2906 2338 2961 et
2350 2899 2490 2962 Eth-

167 3003 450 3064 nicorum
481 3001 650 3087 (ἐπὶ
621 3003 910 3087 ηγεμόνων
937 3007 1032 3070 καὶ
1058 3008 1348 3087 βασιλέων
1376 3004 1766 3089 σταθήσεσθε
1793 3005 1916 3069 Mc.
1944 3024 2001 3069 v.
2022 3003 2084 3072 9.
2120 3005 2268 3068 Luc.
2296 3025 2352 3070 v.
2387 3006 2490 3084 12)

170 3110 513 3181 subituros,
576 3108 786 3171 odium
844 3113 1086 3194 generis
1145 3112 1397 3175 humani
1456 3112 1663 3176 Matth.
1726 3110 1787 3178 9.
1865 3110 1988 3175 Mc.
2035 3123 2105 3193 Ὗ.
2155 3109 2255 3175 13.
2341 3110 2490 3172 Luc.

167 3238 228 3282 v.
295 3218 374 3282 17
436 3219 512 3280 ob
575 3237 801 3281 nomen
832 3245 835 3250 ·
862 3219 1085 3281 Christi
1142 3220 1396 3283 futuros.
1500 3221 1707 3301 Itaque
1769 3222 1963 3302 prima
2016 3219 2493 3282 Christianorum

148 3332 444 3405 tempora
483 3311 826 3412 eatntura,
884 3333 952 3388 ut
998 3334 1242 3389 externe
1291 3321 1534 3408 quoque‘
1583 3327 1801 3391 Christi
1848 3325 1926 3388 ad
1969 3327 2300 3405 imaginem
2346 3343 2492 3388 con-

170 3431 416 3496 formari
445 3434 738 3508 debeaut;
784 3436 1086 3516 patiendo,
1133 3437 1456 3499 moriendo
1499 3439 1807 3516 victoriam
1845 3453 2136 3518 quaerere
2176 3453 2298 3497 non
2328 3435 2492 3496 illico

171 3542 437 3622 palmam
473 3542 838 3626 arripiendo.
885 3535 1062 3606 Post
1088 3544 1243 3606 haec
1273 3544 1444 3625 (Luc.
1474 3564 1529 3608 v.
1566 3543 1668 3625 12)
1692 3544 1936 3606 demum
1965 3544 2340 3624 singulorum
2355 3559 2496 3621 sup-

173 3649 359 3728 plicia
394 3649 704 3728 Evangelii
750 3647 1019 3713 efficacia
1063 3653 1368 3730 pertinget
1411 3649 1483 3711 ad
1525 3652 1839 3714 universos
1885 3651 2159 3731 populos,
2193 3647 2491 3728 'grandes-

177 3772 297 3834 que
334 3760 551 3826 motuS‚
599 3751 821 3817 acerba
857 3757 1186 3819 certamina
1232 3755 1335 3817 illa
1375 3757 1581 3835 ciebit,
1626 3757 1989 3837 quibuscum
2027 3764 2088 3819 et
2123 3758 2253 3835 ipsa
2286 3771 2494 3816 rerum

174 3868 385 3924 natura
430 3863 605 3941 quasi
648 3862 1038 3925 concordabit
1082 3870 1145 3926 et
1190 3862 1573 3945 conspirabit.
1638 3862 1740 3925 Sic
1777 3865 2085 3925 cernimus
2122 3862 2222 3922 hic
2250 3880 2491 3943 quoque

177 3972 381 4049 legem
415 3969 582 4036 illam
609 3970 922 4050 Evangelii
963 3970 1186 4043 doceri,
1232 3973 1350 4053 qua
1385 3970 1759 4050 pedetentim
1795 3969 2190 4053 progreditur,
2236 3987 2270 4031 a
2295 3972 2491 4051 parvis

179 4074 389 4158 (Marc.
439 4096 493 4141 v.
546 4076 651 4159 12)
700 4076 779 4138 ad
821 4096 1038 4159 magna
1086 4082 1165 4158 (v.
1216 4079 1275 4142 7.
1324 4076 1413 4155 8).
1498 4080 1573 4141 Et
1614 4098 1695 4142 ne
1740 4078 1889 4141 illud
1935 4077 2181 4157 quidem
2225 4086 2490 4161 praeter-

180 4181 448 4246 eundum
495 4201 858 4258 censemus,
924 4184 1085 4265 quod
1129 4182 1472 4247 Matthaeus
1514 4203 1569 4249 v.
1618 4185 1658 4252 9
1697 4184 1876 4247 dicit:
1941 4185 2110 4247 eritis
2155 4184 2297 4248 odio
2335 4204 2490 4248 om·

523 4289 753 4300 ψῃ*

326 4323 414 4390 14)
426 4326 567 4387 Quod
584 4324 758 4377 itidem
776 4323 892 4377 fieri
912 4324 1057 4378 vides
1077 4341 1125 4379 v.
1139 4324 1204 4378 23
1219 4341 1330 4394 sqq.
1342 4325 1947 4395 postllierosolymorum
1960 4326 2282 4379 eversionem
2293 4326 2365 4393 (v.
2379 4324 2489 4390 22).
