2934 4797
869 1403 1743 1493 PRAEFATIO.
1851 1507 1862 1513 ⁴

1154 1703 1466 1712 m

326 1936 551 2024 Haud
608 1955 719 2025 abs
773 1978 841 2024 re
885 1955 1202 2025 videbatur
1258 1979 1396 2025 esse
1415 2009 1430 2038 ‚
1499 1957 1575 2029 ad
1633 1957 1965 2038 seculares,
2031 1976 2188 2048 quos
2250 1956 2352 2046 pie
2415 1963 2476 2023 et

125 2115 513 2184 solemniter
557 2115 711 2185 haec
755 2116 1086 2185 Academia
1130 2115 1397 2185 celebrat
1441 2116 1601 2197 dies,
1668 2138 1823 2206 quos
1870 2115 2245 2185 secularibus
2302 2124 2477 2185 ornat

129 2274 415 2365 scriptis,
455 2275 850 2357 orationihuS‚
889 2275 1275 2357 carminihuS‚
1322 2275 1538 2345 afferre
1581 2269 1938 2367 prophetica
1971 2275 2046 2343 N.
2074 2275 2145 2343 T.
2193 2276 2477 2356 carmina,

130 2434 364 2523 Regni
412 2428 637 2505 Christi
691 2437 1021 2528 certamina
1040 2488 1056 2518 ‚
1113 2444 1440 2525 augmenta
1488 2445 1548 2505 et
1591 2437 1906 2506 victoriam
1953 2436 2405 2507 adnunciantia.

336 2703 463 2784 Qui
524 2702 752 2772 dudum
814 2702 956 2772 huic
1018 2704 1330 2773 literarum
1374 2703 1764 2773 Universitati
1825 2703 2128 2773 affuerunt
2142 2755 2158 2785 ‚
2223 2724 2482 2795 eamque

145 2884 404 2932 morum
422 2915 439 2944 ‚
486 2861 799 2931 doctrinae
814 2915 830 2944 ‚
877 2885 1134 2955 operum
1177 2865 1475 2954 gravitate
1521 2864 2023 2947 condecorarunt,
2069 2865 2157 2934 illi
2201 2871 2482 2933 anteacta

151 3024 549 3122 potissimum
592 3020 904 3118 temperas,
966 3024 1270 3114 majorum
1314 3024 1528 3097 laudes
1546 3077 1563 3106 ‚
1624 3009 1744 3093 Dei
1790 3023 2027 3116 Optimi
2068 3024 2315 3095 Maximi
2367 3025 2480 3093 be-

156 3183 388 3251 neficia
430 3182 798 3252 laetabundo
842 3192 1144 3276 gratoque
1186 3185 1460 3253 recolent
1504 3185 1726 3253 animo.
1799 3184 1877 3254 Ei
1914 3207 2079 3267 vere,
2125 3186 2232 3275 qui
2265 3205 2480 3253 recens

163 3343 436 3425 advenit,
501 3345 810 3412 communi
872 3343 1098 3433 gaudio
1157 3344 1243 3413 ita
1305 3366 1443 3412 sese
1489 3344 1803 3413 adsociare
1848 3344 2056 3426 liceat,
2117 3352 2186 3412 ut
2243 3352 2489 3434 tempus

164 3504 525 3592 praesertim
595 3504 864 3572 futurum
937 3504 1244 3573 intueatur
1316 3510 1377 3571 et
1437 3502 1499 3570 id
1563 3525 1809 3594 quoque
1881 3510 2084 3593 speret
2144 3502 2489 3571 divinorum

119 3676 123 3682 ’
171 3661 607 3731 beneficiorum
651 3663 1041 3753 virorumque
1086 3661 1163 3730 de
1207 3662 1391 3731 rebus
1435 3663 1662 3731 nostris
1720 3662 1880 3730 bene
1936 3662 2300 3742 merentium
2349 3627 2488 3752 ple-

176 3842 321 3890 num
380 3821 530 3889 fore.
638 3821 971 3912 Despicere
1031 3822 1194 3890 enim
1249 3829 1704 3891 antecessorum
1768 3843 1981 3912 opera,
2046 3843 2307 3912 quorum
2367 3844 2490 3891 nos

180 3980 435 4049 heredes
478 3981 621 4051 facti
666 4004 902 4064 sumus,
963 3983 1160 4051 frivoli
1208 3991 1302 4052 est
1360 3982 1546 4051 animi
1601 3990 1662 4049 et
1719 3982 1971 4090 ingrati:
2043 3981 2297 4073 impium
2339 4005 2492 4052 vero

181 4138 325 4208 inud
371 4163 650 4232 quoque,
712 4163 827 4209 nec
871 4142 1103 4210 cordati
1147 4142 1438 4232 pectoris,
1501 4141 1610 4209 sed
1669 4141 1878 4230 segnis
1933 4148 2054 4223 est,
2116 4141 2199 4209 ita
2257 4142 2318 4210 in
2375 4140 2490 4210 ad-

183 4297 468 4368 mirandis
516 4309 621 4370 aut
661 4301 1005 4392 praeteritis
1054 4308 1159 4370 aut
1200 4299 1624 4390 praesentibus
1687 4299 1909 4390 opibus
1972 4301 2333 4370 commorari
2351 4353 2367 4382 ‚
2422 4309 2491 4369 ut
