2934 4797
1308 261 1392 331 6²⁷

171 440 454 520 coeperit
497 438 671 524 (Phil.
702 440 772 514 Π,
807 436 916 506 15.-
955 440 997 507 2
1023 440 1183 507 Petr.
1212 441 1256 514 Ι,
1301 439 1428 518 19.)
1479 446 1542 504 et
1586 440 1875 522 physicae
1920 439 2224 521 majestati
2253 438 2512 503 ethicam

166 551 240 609 et
297 546 473 626 plane
537 545 802 613 divinam
858 565 1168 631 opponere
1217 544 1496 619 didicerit
1542 554 1604 612 et
1648 547 1969 611 anteferre.
2062 548 2305 612 Habent
2362 565 2510 615 sane

168 652 381 716 sidera,
424 661 880 741 potestatem
928 673 1099 719 suam
1144 673 1179 719 a
1222 654 1541 719 «ludaismo
1588 674 1829 738 quoque
1876 657 2197 730 invictam,
2247 673 2402 738 quae
2449 657 2513 717 in

171 778 262 823 eo.
301 761 496 841 posita
545 778 687 826 esse
730 761 996 837 videtur,
1043 769 1112 827 ut
1158 763 1406 827 coelum
1451 769 1515 825 et
1561 769 1720 826 astra
1769 782 1941 837 eum,
1991 764 2346 843 quiverum
2387 782 2514 825 non

166 867 358 931 habet
398 868 595 935 Deum
648 866 726 935 ad
779 871 1247 951 superstitiones
1305 870 1389 954 (e.
1428 888 1496 950 g.
1546 870 1624 933 ad
1680 873 2052 945 nativitatem
2108 869 2511 953 pertinentes)

170 975 475 1050 alliciant;
542 984 606 1039 et
648 995 844 1058 quum
899 977 1139 1043 divinae
1197 978 1532 1057 majestatis
1586 978 1812 1065 aliquid
1855 979 2152 1067 referant,
2223 996 2363 1040 eum
2412 979 2514 1059 qui

170 1101 302 1145 non
360 1084 561 1149 ethica
604 1085 915 1169 Evangelii
975 1088 1033 1150 vi
1089 1093 1150 1151 et
1210 1088 1423 1150 natura
1484 1085 1725 1165 adjutus
1785 1088 2028 1168 physica
2091 1088 2290 1149 omnia
2351 1093 2513 1149 tran·

172 1188 481 1253 accudere
526 1192 723 1266 valet,
787 1192 1141 1257 fascinando
1189 1193 1361 1272 quasi
1409 1199 1668 1273 cogunt,
1734 1201 1802 1255 ut
1856 1194 1986 1274 ipsa
2030 1193 2362 1256 habeantur
2404 1212 2513 1273 pro

175 1300 435 1363 summis
490 1307 558 1364 et
615 1301 850 1369 divinis.
940 1303 1257 1384 Evangelii
1296 1321 1459 1367 'vero
1522 1300 1685 1365 dono
1738 1301 1857 1364 hoc
1912 1303 2159 1365 coelum
2204 1321 2385 1365 omne
2435 1300 2540 1363 de—

178 1403 331 1479 sede
379 1407 673 1473 altissima
717 1407 1049 1489 dejectum,
1095 1410 1374 1491 superius
1420 1426 1566 1472 vero
1615 1408 1857 1471 coelum
1905 1417 1966 1472 et
2002 1427 2306 1475 summum
2343 1426 2514 1499 aper-

179 1518 309 1577 tu'm
355 1522 480 1577 est:
548 1523 610 1579 et
668 1517 772 1603 qui
812 1536 846 1581 a
890 1518 1251 1597 paganismo
1298 1512 1663 1580 convertitur
1710 1514 1787 1579 ad
1835 1516 2167 1595 Christum,
2236 1516 2515 1597 antiquas

176 1622 311 1684 illas
358 1621 517 1685 coeli
550 1629 894 1703 potestates
943 1624 1019 1687 de
1069 1624 1227 1686 coeli
1273 1624 1492 1687 throno
1522 1622 1795 1702 dejectas
1816 1619 1949 1703 jam
1973 1622 2159 1696 videt,
2207 1622 2517 1686 Christum

178 1714 324 1792 vero
370 1730 634 1793 hominis
680 1730 872 1797 filiurn
917 1734 983 1795 in
1026 1751 1170 1796 vero
1210 1740 1273 1796 et
1316 1739 1526 1814 aperto
1582 1732 1758 1794 coelo
1805 1726 2225 1812 sedentem²⁸)
2270 1730 2517 1794 throno-

185 1830 304 1917 qu‘e
343 1838 591 1901 aeterna
635 1838 775 1907 luce
820 1837 1124 1920 fulgente,
1192 1858 1317 1915 non
1362 1839 1622 1903 evanida
1668 1838 1813 1901 solis
1863 1843 1926 1900 et
1970 1834 2239 1902 siderum
2283 1838 2524 1909 lumine„

186 1942 287 2026 (cf.
335 1944 519 2011 Hebr.
566 1946 689 2020 ΧΗ,
738 1947 870 2026 27).

358 2053 651 2125 Sicillud
694 2073 936 2138 quoque
982 2055 1373 2138 intelligetur,
1425 2075 1537 2118 cur
1580 2053 1734 2117 lucis
1783 2054 2141 2119 christianae
2170 2074 2282 2136 per
2309 2055 2519 2117 orbem

185 2166 478 2224 terrarum
529 2165 905 2242 penetrantis
963 2162 1236 2227 efficacia
1297 2170 1425 2227 tam
1466 2160 1813 2239 ,horrendis
1876 2163 2081 2225 verbis
2139 2154 2525 2227 describatur

183 2284 239 2330 v.
286 2266 392 2339 29,
441 2254 521 2331 et‘
549 2282 657 2333 eur
703 2289 756 2335 v.
805 2269 912 2337 30.
961 2270 1209 2335 demum
1252 2270 1545 2352 fulgentis
1592 2270 1753 2351 signi
1800 2270 2107 2337 christiani
2143 2271 2398 2333 victoria
2431 2272 2521 2332 in-

186 2372 466 2440 dicetur?
539 2376 779 2452 Scimus
826 2380 1022 2452 enim,
1083 2396 1222 2444 eam
1271 2397 1412 2444 esse
1456 2377 1767 2461 religionis
1814 2379 2177 2442 christianae
2224 2386 2518 2452 naturam,

190 2489 258 2544 ut
300 2484 498 2550 severi
542 2489 804 2566 primum
841 2485 1060 2566 judicii
1090 2495 1156 2552 et
1182 2488 1535 2552 certaminis
1570 2490 1779 2552 acerbi
1813 2505 2067 2550 munere
2105 2486 2517 2568 perfungatur.

193 2590 433 2655 Idcirco
458 2612 519 2661 v,
551 2594 635 2662 29
698 2595 883 2659 habet
944 2594 1129 2660 verba
1185 2594 1403 2674 judicii
1442 2594 1643 2676 ,plena
1710 2594 1786 2658 de
1851 2595 2017 2660 omni
2078 2594 2308 2657 mundo
2372 2595 2522 2658 anti·

188 2716 308 2779 quo
334 2700 396 2765 mi.
454 2719 514 2767 e.
568 2720 805 2783 pagano
864 2701 1125 2768 ferendi.
1218 2704 1470 2776 Christi,
1536 2703 1701 2768 Solis
1759 2704 1921 2776 veri,
1989 2710 2186 2765 ortum
2245 2704 2310 2763 in
2371 2703 2520 2764 orbe

182 2813 483 2872 terrarum
523 2812 763 2873 anteire
808 2809 994 2875 debet
1037 2829 1297 2876 occasus
1344 2810 1556 2875 mundi
1584 2811 1833 2896 antiqui.
1891 2809 2017 2874 Sed
2039 2809 2338 2889 judicium
2373 2809 2523 2871 illud

186 2917 630 2995 quantumlibet
680 2936 986 2983 severum·
1019 2917 1182 2984 haud
1212 2903 1389 2984 “sane
1436 2925 1685 2984 enecat:
1751 2917 1866 2981 sed
1909 2937 2020 3000 per
2064 2917 2304 2982 Hadem
2352 2920 2521 2999 quasi

184 3022 265 3086 ad
323 3026 568 3090 coelum
621 3032 897 3107 apertum
952 3026 1121 3092 ducit
1175 3026 1411 3112 (Matth.
1457 3047 1515 3093 v.
1552 3026 1708 3111 30.).
1792 3026 1988 3092 Sicuti
2036 3027 2200 3089 enim
2255 3024 2520 3088 mundus

185 3134 472 3214 antiquus
525 3152 649 3196 non
703 3135 904 3197 solum
962 3135 1096 3199 labe
1159 3137 1268 3199 sua
1319 3137 1556 3200 interna
1603 3134 1853 3208 corruit,
1912 3132 2042 3198 sed·
2072 3136 2252 3197 etiam
2298 3150 2517 3214 appro-
2593 3187 2600 3194 .

132 3225 145 3242 ’
185 3240 530 3321 pinquantis
585 3242 745 3323 signi
803 3242 1127 3310 Christiani
1181 3239 1651 3325 omnipotentia,
1715 3243 1806 3307 sic
1870 3241 2005 3306 fieri
2067 3243 2314 3324 nequit,
2380 3243 2521 3323 quin

331 3423 422 3488 28)
460 3422 642 3475 Matth.
680 3438 731 3474 v.
770 3423 854 3477 30.
906 3420 1002 3474 καὶ
1045 3411 1169 3476 τότε
1217 3415 1529 3494 φανήσεται
1564 3416 1625 3475 τὰ
1674 3416 1914 3493 σημεῖονζ
1955 3419 2056 3473 τοῦ
2103 3417 2228 3474 υἱοῦ
2275 3418 2374 3474 τοῦ
2426 3412 2529 3473 ἆν-

186 3503 423 3581 θρώπου
458 3507 520 3567 ἐν
560 3510 636 3581 τῷ·
674 3503 909 3583 οὐρανῷ.
937 3540 1008 3552 -
1046 3512 1143 3564 Cui
1179 3526 1308 3562 sane
1344 3509 1758 3577 contemplationi
1795 3508 1988 3560 homini
2023 3508 2312 3561 christiano
2336 3522 2530 3560 neces-

191 3600 370 3655 sariae
409 3600 654 3654 cohaeret
689 3601 858 3669 opinio
894 3600 1001 3669 illa,
1037 3599 1090 3653 in
1126 3600 1351 3652 historia
1386 3597 1752 3653 ecclesiastiea
1783 3599 1982 3666 passim
2011 3598 2238 3665 rediens,
2275 3600 2337 3651 de
2354 3596 2530 3649 crucis

189 3690 348 3756 signo
385 3691 440 3743 in
475 3693 618 3743 coelo
655 3693 950 3760 conspicuo.
988 3691 1169 3744 Utrum
1206 3691 1380 3759 opinio
1416 3692 1525 3759 illa,
1560 3691 1872 3757 pracsertim
1900 3689 2224 3744 Constantini
2242 3691 2317 3742 M.
2344 3694 2530 3755 aetate,

184 3780 242 3832 in
278 3780 395 3848 ipso
430 3779 731 3838 discrimine
764 3780 1065 3838 certaminis
1100 3780 1376 3848 religionis
1414 3780 1735 3832 christianae
1763 3795 1876 3832 cnm
1894 3777 2207 3845 Paganismo
2231 3793 2527 3846 occurrens,

186 3886 316 3921 vera
355 3868 428 3922 sit
462 3885 647 3935 necne,
676 3886 856 3940 parpm
891 3869 1117 3932 forsitan
1152 3885 1285 3924 nunc
1319 3867 1559 3922 interest.
1619 3868 1749 3920 Illud
1777 3884 1902 3921 vero
1929 3869 2110 3920 exinde
2130 3883 2323 3936 quoque
2344 3866 2527 3935 elucet,

182 3957 454 4011 victoriam
492 3957 692 4011 Christi
728 3959 788 4010 de
821 3958 934 4014 Dea
967 3954 1153 4014 naturai
1186 3958 1403 4010 relatam
1439 3955 1634 4009 veriori
1672 3960 1725 4009 et
1758 3955 2001 4012 vividiori
2036 3955 2263 4022 imagine
2299 3971 2400 4007 non
2434 3971 2530 4023 po-

184 4047 359 4100 tuisse
395 4044 638 4115 describi,
675 4060 824 4114 quam
856 4045 949 4114 ita,
985 4050 1042 4099 ut
1073 4044 1300 4099 Naturae
1335 4044 1578 4099 thronum
1606 4046 1716 4109 jam
1754 4060 1786 4095 a
1823 4044 2035 4096 Christo
2072 4046 2126 4095 et
2161 4042 2335 4095 crucis
2374 4043 2528 4109 signo

187 4141 483 4205 occupatum
522 4136 755 4188 dicerent
790 4139 841 4188 et
875 4134 1150 4188 sentirent.
1195 4135 1278 4186 Ita
1314 4138 1369 4185 nt
1405 4134 1467 4186 de
1506 4133 1692 4203 quavis
1730 4136 1885 4199 gente
1919 4128 2126 4199 pagana
2161 4134 2225 4184 ad
2264 4133 2529 4186 Christum

185 4223 444 4280 conversa
479 4225 651 4278 dicere
684 4222 971 4296 possimus,
1008 4224 1058 4278 ei
1095 4224 1399 4296 φαίνεσθαι
1425 4218 1488 4277 τὰ
1524 4223 1755 4294 σημεῖον
1789 4219 1887 4276 τοῦ
1923 4218 2047 4276 υἱοῦ
2083 4219 2183 4277 τοῦ
2222 4214 2531 4295 ἀνθρώπου

186 4311 251 4372 ἐν
285 4313 361 4386 τῷ
399 4308 637 4389 οὐρανῷ.
2016 4378 2122 4444 5*-
