2934 4797
1295 255 1335 322 9

134 436 420 498 nescivit
455 453 615 508 vera,
664 441 767 498 aut
802 435 955 498 falsa
987 434 1156 500 vidit.
1230 435 1381 497 Nam
1411 452 1553 496 eum
1579 452 1720 497 vera
1751 435 2019 507 scivisse,
2065 435 2211 499 falsa
2239 433 2482 508 dixisse,

133 560 344 623 nemo
392 543 708 605 existimat.
785 542 965 624 Atqui
1018 544 1310 622 primum,
1372 542 1424 602 si
1471 541 1772 603 Christum
1818 542 2018 622 ipsum
2067 541 2231 604 dicas
2279 543 2484 603 nesci-

132 651 352 723 visse,
403 650 548 731 quid
594 669 710 732 quo
757 652 836 713 sit
878 650 1303 730 referendum,
1350 668 1613 731 eumque
1663 648 1849 732 (quod
1891 650 2199 713 nonnullis
2246 648 2434 732 lubet)
2463 648 2487 685 ⁶

69 826 74 835 ‚
137 775 316 837 quae
385 758 620 819 visione
687 756 1037 838 prophetica
1096 756 1310 836 juxtim
1365 756 1561 836 posita
1620 757 2002 828 intuebatur,
2071 773 2143 817 ea
2200 774 2482 818 sermone

138 883 270 926 suo
326 863 588 944 junctim
639 865 1000 945 protulisse,
1064 871 1124 926 et
1178 864 1522 944 promiscue
1585 844 1746 924 nunc
1798 862 1875 925 de
1927 863 2362 943 Hierosolymis
2424 871 2485 927 et

136 974 359 1052 gentis
387 970 675 1034 Iudaicae
715 972 851 1034 fatis
891 989 1052 1033 nunc
1084 969 1158 1033 de
1187 970 1308 1042 fine
1339 969 1552 1032 mundi
1588 970 1858 1033 locutum
1900 989 2060 1043 esse,
2105 969 2484 1050 prophetiam

142 1082 217 1142 ei
265 1077 642 1159 adscripsisti
677 1079 763 1139 nil
806 1079 1210 1151 revelantem,
1265 1079 1304 1138 i.
1347 1096 1403 1142 e.
1451 1078 1740 1150 otiosam,
1796 1094 1876 1138 ne
1925 1075 2125 1138 dicam
2172 1095 2485 1140 erroneam
2573 1135 2580 1145 ,

141 1192 217 1247 et
247 1186 331 1249 ita
363 1192 790 1266 comparatam,
838 1192 904 1248 ut
930 1187 1056 1249 veri
1086 1185 1496 1265 cognitionem
1522 1185 1714 1264 magis
1743 1182 2032 1265 impediat
2062 1192 2240 1265 atque
2268 1188 2484 1259 turbet,

142 1311 341 1375 quam
375 1301 746 1375 promoveat.
820 1293 1054 1358 Etenim
1095 1294 1348 1355 multum
1394 1295 1664 1367 interest,
1711 1294 1954 1356 nescire
1992 1292 2157 1355 diem
2187 1293 2483 1357 ethoram

134 1399 371 1478 judicii
429 1398 684 1482 (Matth.
740 1398 944 1473 XXIV,
1007 1397 1130 1481 36)
1189 1404 1251 1460 et
1304 1400 1580 1470 nescire,
1645 1405 1847 1460 utrum
1904 1405 2159 1462 eventus
2221 1401 2481 1481 quidam,

144 1525 313 1588 quos
357 1507 590 1570 futuros
633 1505 955 1586 praedicat,
1003 1506 1342 1585 pertineant
1389 1504 1466 1567 ad
1494 1504 2051 1584 Hierosolymorum
2098 1504 2484 1582 dirutionem,

146 1634 233 1679 an
284 1614 362 1678 ad
400 1613 702 1692 judicium
750 1622 1104 1677 extremum.
1195 1613 1263 1675 Si
1323 1612 1595 1677 Christus
1654 1612 2004 1686 nesciebat,
2073 1620 2205 1676 utro
2267 1616 2489 1697 singuli

152 1729 438 1794 eventus,
489 1741 640 1803 quos
685 1723 1050 1795 vaticinatur,
1099 1723 1221 1784 sint
1251 1719 1575 1793 referendi,
1622 1722 1878 1783 nescivit
1912 1721 2104 1801 ipsam
2138 1722 2486 1786 interiorem

151 1851 375 1894 eorum
433 1837 780 1893 naturam.
872 1827 1090 1894 Natura
1155 1831 1318 1892 enim
1378 1829 1675 1910 cujusque
1738 1835 1991 1892 eventus
2054 1829 2487 1911 determinatur

154 1947 224 2004 et
271 1941 441 2020 quasi
488 1940 755 2019 signatur
798 1944 1009 2001 natura
1058 1944 1121 2000 et
1172 1940 1404 2000 ratione
1459 1936 1642 2000 totius
1696 1936 1862 2010 facti,
1926 1936 2099 2016 cujus
2158 1939 2293 2018 ipse
2349 1956 2485 2019 pars

157 2052 279 2111 es't.
368 2047 608 2118 Fateor,
657 2045 710 2107 si
750 2041 1020 2108 Christus
1070 2044 1144 2106 de
1190 2043 1376 2106 rebus
1422 2044 1518 2105 his
1567 2044 1850 2106 extremis
1903 2045 2234 2106 vaticinans
2280 2042 2485 2125 μάντις

160 2161 325 2229 erat,
392 2156 445 2216 si
502 2154 909 2234 cognitionem
962 2152 1215 2217 habehat
1271 2170 1477 2214 rerum
1521 2152 1854 2215 futurarum
1903 2171 2069 2226 eam,
2136 2159 2204 2215 ut
2248 2139 2487 2232 singula

158 2280 437 2344 quaeque
484 2265 547 2325 in
595 2244 870 2325 obtutum
913 2263 1106 2341 ipsius
1169 2259 1444 2323 cadentia
1504 2262 1754 2342 abrupta
1817 2267 2031 2323 essent
2089 2266 2168 2328 et,
2210 2260 2485 2338 disjecta,

157 2391 280 2436 nec
318 2390 589 2434 connexa
634 2372 808 2453 quasi
850 2376 911 2434 et
951 2369 1229 2449 colligata
1269 2368 1438 2431 idea
1474 2368 1684 2431 mundi
1723 2374 1785 2432 et
1810 2368 2137 2444 historiae,
2187 2387 2343 2450 quae
2374 2387 2486 2432 suo

162 2497 443 2561 quaeque
482 2480 619 2541 loco
650 2480 833 2558 ponit,
884 2496 996 2540 suo
1029 2477 1156 2540 orbi
1208 2476 1530 2540 adscribit:
1577 2475 1711 2538 fieri
1755 2478 2049 2557 potuisse,
2098 2483 2163 2539 ut
2198 2478 2481 2549 nesciret,

163 2607 282 2667 quo
313 2603 588 2668 quaeque
619 2592 967 2665 spectarent
996 2590 1059 2646 et
1083 2586 1491 2663 pertinerent,
1540 2595 1694 2663 quae
1725 2584 1855 2644 suis
1885 2584 2215 2662 aperiebat.
2280 2582 2406 2645 Sed
2434 2586 2486 2645 si

163 2695 383 2776 Christi
419 2695 731 2775 prophetia
765 2694 899 2756 talis
938 2698 1092 2767 erat,
1138 2712 1258 2756 non
1308 2698 1402 2754 est
1447 2692 1744 2772 Propheta
1792 2693 1910 2756 κατ’
1950 2688 2180 2776 ἐξοχὴν,
2229 2710 2379 2772 apex
2425 2700 2486 2755 et

303 2870 358 2936 5)
397 2889 443 2924 e.
483 2889 534 2938 g.
572 2870 786 2924 Auctori
825 2870 999 2938 operis
1038 2870 1235 2937 imperf.
1275 2870 1326 2921 in
1363 2870 1548 2921 matth.
1587 2869 1722 2921 hom.
1755 2869 1982 2930 XLVIII
2019 2870 2126 2935 (Jo.
2157 2870 2346 2938 Chrys.
2379 2886 2489 2939 opp.

164 2962 243 3013 ed.
271 2961 452 3013 Montf.
493 2961 659 3012 altera
686 2960 859 3012 Paris.
900 2959 1053 3011 1836.
1093 2960 1157 3011 T.
1185 2961 1278 3026 vl,
1315 2960 1347 3010 2
1384 2977 1432 3026 p.
1474 2958 1592 3012 940.
1634 2959 1765 3011 941:
1801 2959 2050 3011 Dominus
2080 2976 2180 3011 non
2211 2961 2490 3026 separatim

162 3049 312 3116 dixit,
351 3066 478 3118 quae
510 3050 666 3116 signa
692 3050 985 3116 pertineant
1020 3049 1082 3099 ad
1114 3048 1517 3100 destructionem
1548 3048 1857 3105 Jerusalem.
1897 3051 1949 3098 et
1985 3064 2111 3115 quae
2149 3049 2211 3099 ad
2249 3064 2496 3100 consum-

115 3155 119 3162 *
163 3139 437 3190 mationem
486 3137 693 3203 mundi,
747 3136 988 3189 videlicet
1032 3141 1090 3187 ut
1126 3137 1301 3188 eadem
1340 3136 1495 3201 sIgna
1529 3136 1788 3203 pertinere
1825 3135 2095 3187 videantur
2133 3140 2185 3187 et
2222 3137 2285 3187 ad
2320 3138 2490 3188 mani-

167 3227 494 3280 festationem
543 3225 914 3278 destructionis
952 3223 1283 3276 Hierusalem
1331 3228 1382 3275 et
1426 3224 1491 3275 ad
1528 3223 1997 3276 manifestationem
2035 3225 2493 3277 consummationis

164 3317 361 3369 mundi:
424 3317 542 3384 quia
597 3333 696 3367 non
754 3314 902 3385 quasi
953 3315 1228 3366 historiam
1276 3330 1369 3382 per
1419 3314 1648 3366 ordinem
1700 3315 1936 3381 exposuit
1984 3314 2099 3380 εἰς,
2151 3318 2491 3382 quomodo

166 3422 253 3458 res
300 3412 446 3458 erant
493 3408 724 3472 agendae
773 3407 832 3472 (i.
881 3422 924 3457 e.
973 3421 1067 3474 quo
1115 3405 1389 3456 ordineet
1434 3405 1621 3470 nexu),
1672 3404 1766 3455 sed
1809 3404 2105 3471 prophetico
2157 3391 2297 3457 more
2333 3422 2493 3473 prae-

171 3495 290 3547 dixit
327 3495 437 3559 eiS,
475 3511 628 3564 quae
666 3509 754 3545 res
794 3499 940 3546 erant
978 3494 1222 3559 agendae.
1282 3492 1536 3544 Similiter
1570 3508 1695 3544 sese
1732 3491 1887 3543 habet
1922 3492 1983 3544 V.
2021 3493 2083 3545 Β.
2122 3493 2487 3559 Hengsten-

168 3586 319 3649 berg
359 3583 714 3651 christologie
751 3584 798 3635 d.
836 3583 902 3634 A.
942 3583 1003 3637 T.
1041 3584 1082 3650 Ι,
1120 3599 1168 3636 a.
1207 3583 1307 3635 305
1347 3598 1458 3651 sqq.
1509 3582 1746 3633 Ceterum
1786 3585 1928 3632 errat
1965 3582 2274 3634 Straussius
2313 3582 2491 3634 dicens

169 3674 288 3726 heb.
325 3672 442 3724 JeS.
481 3673 560 3725 ed.
599 3673 649 3725 3.
688 3672 753 3723 T.
793 3673 843 3739 2,
882 3670 1398 3724 380=2Bekanntlich
1434 3671 1526 3721 hat
1553 3670 1953 3736 Hengstenberg
1990 3669 2071 3721 die
2085 3670 2494 3737 Vorstellungs-

168 3763 323 3817 weise
361 3761 717 3827 aufgebracht,
765 3776 824 3811 es
862 3760 1026 3812 haben
1063 3759 1179 3813 sich
1217 3760 1327 3811 dem
1360 3749 1629 3825 ⁴geisti'gen
1666 3759 1905 3812 Schauen
1941 3788 2011 3798 —
2049 3759 2129 3811 die
2155 3758 2493 3825 zukiinstigen

168 3854 328 3919 Dinge
365 3833 508 3902 nicht
544 3849 740 3902 sowohl
776 3849 843 3901 im
863 3850 1087 3901 Medium
1125 3850 1217 3901 der
1245 3849 1382 3915 Zeit,
1419 3849 1500 3901 als
1527 3849 1779 3901 vielmehr
1806 3850 1899 3900 des
1925 3848 2169 3915 RaumeS,
2207 3847 2494 3913 gleichsam
2539 3851 2542 3858 '

174 3944 246 3994 als
293 3957 484 4008 grosse
524 3939 783 3992 'l'ableaux
828 3940 1141 4005 dargeboten
1191 3970 1260 3979 —
1308 3938 1474 3991 wobei
1525 3939 1769 3991 vorder-
1825 3940 1926 3991 und
1975 3939 2325 4004 Hintergrund
2376 3941 2492 3992 sich

175 4031 258 4082 mit
295 4031 538 4081 einander
565 4035 833 4095 vcrmengt
864 4028 1059 4095 haben3
1098 4029 1199 4081 und
1237 4029 1380 4080 diese
1419 4028 1644 4080 'l'heorie
1680 4044 1780 4080 von
1817 4027 1983 4079 einem
2017 4027 2494 4094 perspectiviscben

177 4120 403 4172 Schauen
441 4124 538 4172 eto.
595 4117 725 4171 Nam
760 4118 811 4171 J.
836 4119 913 4172 Ἄ.
950 4119 1217 4187 Bengel,
1252 4120 1500 4172 Gnomon.
1544 4119 1696 4170 1743.
1716 4136 1763 4186 p.
1789 4118 1906 4171 139.
1942 4118 2076 4170 hanc
2112 4117 2359 4171 theoriam
2397 4136 2492 4172 ex-

176 4209 324 4276 ponit,
359 4226 637 4278 quanquam
670 4209 761 4278 ita,
798 4213 855 4261 ut
889 4208 1242 4262 confusionem
1270 4225 1441 4262 rerum
1470 4207 1773 4261 dissitarum
1806 4207 2053 4276 excludat,
2092 4225 2266 4263 earum
2299 4209 2355 4261 in
2391 4201 2491 4261 an‘-

177 4303 375 4368 gustum
411 4297 852 4368 coactionempcr
884 4304 1209 4366 prospectum
1243 4298 1299 4354 in
1334 4300 1558 4351 futurum
1594 4298 1781 4352 factam
1819 4298 2015 4350 doceat.
