2934 4797
129 284 173 307 ⁸
1279 264 1363 333 29

141 441 395 504 Etenim
452 461 571 523 quo
630 461 840 507 eamus
892 440 1055 507 haud
1109 461 1260 508 sane
1317 451 1551 508 certum
1608 460 1746 505 esse
1800 447 2031 523 potest,
2099 443 2153 504 si
2207 443 2471 537 nescias,

144 547 321 612 unde
386 552 674 624 exiveris,
747 550 810 613 id
877 551 1038 631 quod
1101 552 1409 632 plerisque
1477 549 1775 613 accidisse
1837 548 2073 612 videtur
2128 549 2191 611 in
2260 550 2474 629 capitis

142 657 349 718 nostri
395 658 814 736 explicatione.
856 668 859 671 “
906 656 1033 719 Sed
1076 663 1142 719 ut
1188 660 1492 730 sciamus,
1550 655 1711 719 unde
1761 674 2077 729 exeamus,
2124 654 2188 716 id
2236 672 2474 737 quoque

146 763 577 826 necessarium
625 767 769 839 erit,
838 764 1001 845 quod
1045 781 1168 827 non
1214 767 1461 849 impune
1510 767 1906 845 praetermitti
1951 762 2155 836 video,
2225 768 2291 823 ut
2343 765 2475 824 uni-

145 887 398 932 versum
464 870 772 934 doctrinae
841 872 1060 935 Christi
1120 878 1326 952 typum
1393 871 1469 934 de
1535 873 1719 934 rebus
1787 870 2254 951 cschatologicis
2320 869 2476 951 apud

149 975 515 1056 Synopticos
547 979 788 1042 obvium
832 986 1039 1041 mente
1085 986 1369 1042 tenentes
1407 979 1486 1042 ad
1522 977 1937 1059 explicandum
1972 979 2177 1040 locum
2204 978 2476 1038 nostrum

151 1083 545 1149 accedamus.
637 1085 720 1149 Ea
762 1088 925 1149 enim
960 1086 1186 1166 ubique
1225 1088 1375 1151 ratio
1422 1084 1748 1148 intercedit
1791 1085 1948 1149 inter
1981 1090 2174 1147 totum
2222 1082 2477 1165 ejusque

152 1199 398 1272 partes,
464 1200 558 1266 ut,
622 1197 724 1273 qui
780 1196 1033 1257 alterum
1091 1195 1164 1257 ah
1225 1196 1414 1258 altero
1476 1194 1775 1267 avulserit,
1841 1212 1959 1257 nec
2012 1199 2205 1256 totum
2259 1191 2479 1254 habeat

140 1317 279 1395 snec
326 1306 567 1380 parteS,
637 1303 739 1380 qui
786 1308 1034 1383 utraque
1083 1302 1293 1365 obtutu
1341 1321 1452 1365 suo
1503 1301 1910 1381 conjunxerit,
1976 1308 2229 1381 utraque
2287 1300 2476 1362 collu-

153 1411 350 1469 strare
399 1416 460 1472 et
504 1408 744 1471 firmare
793 1409 1081 1473 videatur.

330 1517 549 1579 Fateor
582 1516 854 1597 quidem,
904 1537 1077 1599 spem
1113 1519 1313 1583 auxilii
1349 1537 1382 1581 a
1416 1524 1587 1598 parte
1623 1518 1805 1598 priori
1845 1515 1922 1599 (v.
1956 1514 2195 1598 3—14)
2225 1514 2475 1596 petendi

156 1623 365 1686 statim
421 1642 631 1687 rursus
689 1643 1062 1691 evanescere
1109 1625 1299 1689 videri
1347 1633 1408 1688 e‘t
1454 1624 1825 1687 desiderium
1871 1629 2144 1685 nostrum
2191 1622 2477 1685 frustrari.

151 1730 359 1793 Novae
392 1732 556 1792 enim
601 1732 799 1810 potius
847 1730 1234 1795 difficultates
1282 1715 1361 1794 ex·
1396 1738 1565 1812 parte
1612 1731 1712 1792 illa
1758 1747 2151 1792 succrescere
2182 1729 2475 1803 videntur,

159 1854 344 1917 quam
403 1835 791 1903 adminicula.
893 1838 1132 1902 Etenim
1214 1837 1502 1920 querelae
1567 1837 1726 1899 illius
1792 1855 1979 1917 saepe
2061 1837 2324 1917 prolatae
2401 1834 2477 1897 de

160 1942 522 2005 confusione
562 1942 777 2021 judicii
825 1944 902 2006 de
952 1946 1188 2008 civitate
1239 1944 1490 2006 Judaica
1535 1942 1769 2006 ferendi
1816 1949 1876 2005 et
1921 1943 1997 2006 de
2057 1941 2285 2004 mundo
2344 1942 2476 2003 uni-

161 2067 338 2112 verso
386 2048 569 2111 sedes
617 2058 795 2131 atque
840 2049 977 2112 fons
1012 2052 1376 2132 praecipuus
1422 2050 1740 2131 hucusque
1777 2048 1954 2111 nobis
1981 2048 2293 2111 videbatur
2336 2067 2475 2112 esse

155 2174 211 2219 v.
263 2155 347 2222 29
397 2154 673 2239 (εὐθέως)
722 2163 784 2217 et
828 2156 1079 2220 forsitan
1129 2177 1181 2220 v.
1232 2154 1317 2222 34
1364 2153 1549 2239 (γενεὰ
1596 2152 1786 2236 αὕτη).
1877 2153 2008 2216 Jam
2051 2173 2193 2218 vero
2233 2156 2479 2218 attracta

158 2272 323 2345 parte
362 2266 545 2344 priori
593 2264 870 2344 ejusdem
919 2265 1293 2328 confusionis
1342 2282 1562 2328 novum
1612 2264 1954 2343 exemplum
1999 2264 2288 2327 ascivisse
2317 2262 2478 2326 vide-

159 2391 314 2437 mur.
370 2371 521 2435 Nam
565 2381 702 2455 post
745 2393 799 2438 v.
848 2372 1142 2441 3'rursus
1188 2394 1244 2438 v.
1299 2370 1553 2440 15-22
1602 2371 1676 2435 de
1723 2373 1990 2453 proximo
2039 2379 2279 2446 eventa,
2324 2373 2368 2439 1.
2420 2390 2475 2435 e.

164 2478 721 2561 Hierosolymorum
787 2481 1018 2544 excidio
1086 2486 1316 2562 agitur,
1399 2496 1732 2562 quanquam
1793 2498 2005 2543 versus
2076 2476 2156 2544 14
2212 2478 2338 2559 jam
2403 2479 2478 2542 de

165 2584 285 2648 fine
333 2587 546 2649 mundi
595 2587 970 2651 disseruerat
1015 2586 1173 2672 (τότε
1217 2584 1452 2671 ἥξει.τό
1500 2585 1712 2668 τέλος).
1764 2586 1918 2648 Sunt
1965 2587 2226 2666 quidem,
2276 2605 2476 2669 neque

101 2757 109 2767 ,
165 2695 208 2756 ii
252 2696 387 2767 rari,
438 2696 540 2775 qui
584 2714 796 2758 novam
842 2696 997 2758 hanc
1045 2695 1457 2758 difficultatem
1502 2695 1581 2758 ita
1627 2694 1845 2758 evitare
1894 2695 2106 2767 velint,
2155 2702 2220 2758 ut
2263 2713 2477 2759 versus

163 2796 383 2867 4-14
432 2793 508 2863 ad
553 2808 793 2883 tempus
839 2804 995 2865 inter
1033 2802 1254 2865 Christi
1301 2808 1560 2864 aetatem
1608 2808 1668 2863 et
1709 2799 2270 2881 Hierosolymorum
2306 2820 2477 2865 ever-

166 2909 405 2971 sionem
451 2909 880 2972 intermedium
925 2911 1210 2983 referant,
1257 2906 1326 2975 τὸ
1368 2910 1536 2984 τέλος
1582 2916 1783 2972 autem
1812 2927 1865 2971 v.
1901 2904 1985 2972 14
2013 2926 2202 2971 sensu
2230 2911 2479 2974 relativo

166 3035 287 3079 non
334 3019 612 3081 absoluto
657 3017 1012 3102 sumant.¹¹)
1069 3019 1196 3082 Sed
1240 3019 1357 3082 hoc
1405 3037 1643 3100 quoque
1693 3016 1914 3099 effugio
1954 3017 2481 3099 supersedendum

303 3229 399 3312 113
436 3246 501 3298 cs.
539 3250 641 3297 not.
680 3248 730 3298 2.
770 3246 1197 3313 chrysostomum
1233 3245 1370 3313 (opp.
1401 3244 1516 3309 vn,
1553 3245 1603 3297 2.
1640 3243 1787 3309 818.)
1826 3247 1877 3296 et
1894 3243 2174 3296 Eusebium
2209 3243 2329 3298 huic
2365 3245 2481 3314 opi-

163 3333 301 3387 nioni
336 3335 538 3387 favisse
574 3351 670 3388 nec
707 3349 804 3387 non
844 3333 1095 3388 Hilarium
1134 3350 1291 3401 supra
1327 3335 1563 3386 vidimus,
1637 3334 1743 3385 Sed
1789 3335 1915 3385 bene
1955 3334 2188 3386 viderunt
2224 3334 2478 3400 Origenes

164 3429 216 3475 et
251 3424 575 3490 Augustinus
612 3426 766 3490 hujus
804 3423 1242 3493 interpretationis
1281 3439 1523 3475 errorem.
1563 3425 1783 3485 Quorum
1819 3422 1905 3474 ille
1941 3423 1973 3474 1.
2012 3439 2058 3475 c.
2095 3440 2141 3475 c.
2175 3423 2399 3478 XXXIX
2431 3441 2481 3490 p.

164 3512 266 3564 858
314 3513 420 3565 ait:
472 3514 706 3567 Nondum
751 3513 891 3566 multi
938 3513 1230 3581 proditores
1283 3514 1345 3565 de
1394 3511 1623 3566 eeclesia
1668 3512 1792 3564 facti
1844 3515 1967 3563 sunt
2011 3515 2063 3562 et
2107 3513 2322 3564 nondum
2358 3512 2482 3564 falsi

164 3601 441 3668 prophetae
476 3604 785 3655 exstiterunt
819 3602 1003 3654 multos
1040 3602 1279 3653 fallentes
1317 3600 1391 3668 (v,
1431 3602 1516 3653 10.
1557 3601 1665 3664 11.)
1703 3598 1783 3651 sic
1822 3604 1874 3651 et
1908 3600 2126 3651 nondum
2164 3600 2282 3652 odio
2320 3600 2483 3653 habiti

169 3697 288 3743 suut
334 3692 397 3743 ab
446 3694 679 3745 omnibus
727 3693 999 3759 gentibue,
1057 3692 1208 3743 etiam
1260 3691 1314 3743 in
1367 3691 1559 3742 ultimis
1609 3690 1841 3754 partibus
1894 3694 2065 3741 terrae
2115 3690 2482 3757 habitantibus,

169 3784 374 3845 propter
407 3795 589 3832 nomen
627 3780 857 3846 Christi3
913 3780 991 3831 sic
1027 3783 1081 3830 et
1113 3780 1331 3831 nondum
1367 3779 1710 3842 praedicatum
1748 3782 1834 3827 cst
1869 3777 2186 3842 evangelium
2234 3778 2382 3843 regni
2426 3777 2483 3829 in
2521 3765 2527 3771 ⁵

172 3875 272 3921 toto
309 3869 446 3921 orbe.
482 3869 596 3920 Non
635 3868 768 3921 enim
805 3871 971 3922 fertur
1004 3868 1348 3933 praedicatum
1387 3883 1511 3918 esse
1548 3864 1867 3932 evangelium
1898 3867 2027 3930 apud
2065 3881 2241 3918 omnes
2262 3865 2483 3918 Aethio-

173 3973 282 4026 pas,
316 3958 529 4012 maxime
567 3957 698 4022 apud
734 3973 852 4024 eos,
889 3957 972 4026 qni
1011 3963 1131 4010 sunt
1166 3958 1303 4009 ultra
1335 3959 1550 4023 flumen,
1589 3956 1684 4007 sed
1719 3970 1813 4008 nec
1850 3956 1981 4019 apud
2019 3956 2181 4008 Seras
2218 3972 2314 4008 nec
2349 3957 2483 4021 apud

177 4046 427 4099 Orientem
476 4044 745 4098 audierunt
781 4045 1191 4097 Christianitatis
1237 4059 1541 4097 sermonem.
1616 4043 1744 4106 Quid
1790 4047 1957 4095 autem
1994 4042 2222 4095 dicamus
2260 4045 2322 4097 de
2356 4045 2481 4097 Bri-

108 4135 118 4154 ·
176 4133 342 4186 tannis
379 4139 467 4186 aut
503 4132 804 4200 Germanis,
844 4133 928 4196 qui
965 4138 1086 4186 sunt
1122 4131 1263 4185 circa
1298 4132 1550 4184 Oceanum
1572 4167 1587 4198 ‚
1623 4133 1707 4184 vel
1744 4132 1873 4197 apud
1908 4128 2188 4197 Barbaros,
2223 4132 2394 4186 Dacus
2431 4137 2483 4185 et

180 4222 439 4276 Sarmatas
485 4227 537 4273 et
581 4223 806 4289 Scytas,
857 4236 1068 4288 quorum
1116 4219 1318 4285 plurimi
1364 4220 1580 4271 nondum
1636 4218 1906 4271 audierunt
1951 4219 2206 4284 evangelii
2255 4224 2479 4288 verbum,

181 4308 392 4363 audituri
428 4316 550 4362 sunt
586 4315 754 4361 autem
791 4306 848 4358 in
884 4306 1002 4372 ipsa
1036 4306 1201 4362 seculi
1236 4303 1710 4363 consummatione?
1748 4302 1809 4359 Si
1837 4306 2004 4356 autem
2026 4305 2135 4361 vult
2151 4306 2268 4378 quis
2288 4313 2481 4362 temere
