<?xml version="1.0" encoding="UTF-8"?>
<!DOCTYPE html PUBLIC "-//W3C//DTD XHTML 1.0 Transitional//EN"
    "http://www.w3.org/TR/xhtml1/DTD/xhtml1-transitional.dtd">
<html xmlns="http://www.w3.org/1999/xhtml" xml:lang="en" lang="en">
 <head>
  <title>
</title>
<meta http-equiv="Content-Type" content="text/html;charset=utf-8" />
  <meta name='ocr-system' content='tesseract 3.04.00' />
  <meta name='ocr-capabilities' content='ocr_page ocr_carea ocr_par ocr_line ocrx_word'/>
</head>
<body>
  <div class='ocr_page' id='page_1' title='image "./deorationechris00dorngoog_0070.png"; bbox 0 0 2934 4797; ppageno 0'>
   <div class='ocr_carea' id='block_1_1' title="bbox 1571 249 1660 319">
    <p class='ocr_par' dir='ltr' id='par_1_1' title="bbox 1571 249 1660 319">
     <span class='ocr_line' id='line_1_1' title="bbox 1571 249 1660 319; baseline -0.011 0"><span class='ocrx_word' id='word_1_1' title='bbox 1571 249 1660 319; x_wconf 79' lang='grc'><strong>60</strong></span> 
     </span>
    </p>
   </div>
   <div class='ocr_carea' id='block_1_2' title="bbox 461 427 2791 511">
    <p class='ocr_par' dir='ltr' id='par_1_2' title="bbox 461 427 2791 511">
     <span class='ocr_line' id='line_1_2' title="bbox 461 427 2791 511; baseline -0.002 -18"><span class='ocrx_word' id='word_1_2' title='bbox 461 436 524 493; x_wconf 89' lang='lat' dir='ltr'><strong>et</strong></span> <span class='ocrx_word' id='word_1_3' title='bbox 566 434 913 510; x_wconf 86' lang='lat' dir='ltr'><strong>portentosa</strong></span> <span class='ocrx_word' id='word_1_4' title='bbox 957 430 1017 492; x_wconf 89' lang='lat' dir='ltr'><strong>in</strong></span> <span class='ocrx_word' id='word_1_5' title='bbox 1067 429 1260 492; x_wconf 89' lang='lat' dir='ltr'><strong>stellis</strong></span> <span class='ocrx_word' id='word_1_6' title='bbox 1305 429 1725 511; x_wconf 78' lang='lat' dir='ltr'><strong>exspectanda,</strong></span> <span class='ocrx_word' id='word_1_7' title='bbox 1773 428 2162 509; x_wconf 75' lang='lat' dir='ltr'><strong>splendorem</strong></span> <span class='ocrx_word' id='word_1_8' title='bbox 2208 444 2415 492; x_wconf 82' lang='lat' dir='ltr'><strong>earum</strong></span> <span class='ocrx_word' id='word_1_9' title='bbox 2463 427 2791 499; x_wconf 80' lang='lat' dir='ltr'><strong>debilitan-</strong></span> 
     </span>
    </p>
   </div>
   <div class='ocr_carea' id='block_1_3' title="bbox 457 535 2884 620">
    <p class='ocr_par' dir='ltr' id='par_1_3' title="bbox 457 535 2884 620">
     <span class='ocr_line' id='line_1_3' title="bbox 457 535 2884 620; baseline -0.004 -15"><span class='ocrx_word' id='word_1_10' title='bbox 457 535 664 615; x_wconf 85' lang='lat' dir='ltr'><strong>tia;²⁰)</strong></span> <span class='ocrx_word' id='word_1_11' title='bbox 700 536 1122 620; x_wconf 65' lang='lat' dir='ltr'><strong>.aut.denique</strong></span> <span class='ocrx_word' id='word_1_12' title='bbox 1168 538 1460 601; x_wconf 83' lang='lat' dir='ltr'>redibitur</span> <span class='ocrx_word' id='word_1_13' title='bbox 1507 538 1585 601; x_wconf 90' lang='lat' dir='ltr'><strong>ad</strong></span> <span class='ocrx_word' id='word_1_14' title='bbox 1630 536 1891 619; x_wconf 77' lang='lat' dir='ltr'><strong>grandes</strong></span> <span class='ocrx_word' id='word_1_15' title='bbox 1936 545 2135 601; x_wconf 81' lang='lat' dir='ltr'><strong>terrae</strong></span> <span class='ocrx_word' id='word_1_16' title='bbox 2181 546 2407 611; x_wconf 76' lang='lat' dir='ltr'><strong>mutua,</strong></span> <span class='ocrx_word' id='word_1_17' title='bbox 2453 537 2517 598; x_wconf 83' lang='lat' dir='ltr'><strong>in</strong></span> <span class='ocrx_word' id='word_1_18' title='bbox 2563 535 2790 615; x_wconf 77' lang='lat' dir='ltr'><strong>quibus</strong></span> <span class='ocrx_word' id='word_1_19' title='bbox 2883 550 2884 561; x_wconf 60' lang='lat'>¹</span> 
     </span>
    </p>
   </div>
   <div class='ocr_carea' id='block_1_4' title="bbox 451 644 2888 3951">
    <p class='ocr_par' dir='ltr' id='par_1_4' title="bbox 451 644 2888 1797">
     <span class='ocr_line' id='line_1_4' title="bbox 461 644 2790 719; baseline -0.002 -12"><span class='ocrx_word' id='word_1_20' title='bbox 461 646 705 707; x_wconf 83' lang='lat' dir='ltr'><strong>eve-nire</strong></span> <span class='ocrx_word' id='word_1_21' title='bbox 743 646 916 718; x_wconf 89' lang='lat' dir='ltr'><strong>solet,</strong></span> <span class='ocrx_word' id='word_1_22' title='bbox 965 652 1027 707; x_wconf 87' lang='lat' dir='ltr'><strong>ut</strong></span> <span class='ocrx_word' id='word_1_23' title='bbox 1072 645 1361 707; x_wconf 79' lang='lat' dir='ltr'><strong>undulata</strong></span> <span class='ocrx_word' id='word_1_24' title='bbox 1409 647 1642 709; x_wconf 88' lang='lat' dir='ltr'><strong>telluris</strong></span> <span class='ocrx_word' id='word_1_25' title='bbox 1691 645 2037 719; x_wconf 77' lang='lat' dir='ltr'><strong>concussio,</strong></span> <span class='ocrx_word' id='word_1_26' title='bbox 2075 663 2237 707; x_wconf 89' lang='lat' dir='ltr'><strong>nunc</strong></span> <span class='ocrx_word' id='word_1_27' title='bbox 2285 644 2580 707; x_wconf 87' lang='lat' dir='ltr'><strong>demissio</strong></span> <span class='ocrx_word' id='word_1_28' title='bbox 2616 659 2790 703; x_wconf 82' lang='lat' dir='ltr'><strong>nunc</strong></span> 
     </span>
     <span class='ocr_line' id='line_1_5' title="bbox 451 748 2789 841; baseline -0.003 -24"><span class='ocrx_word' id='word_1_29' title='bbox 451 755 641 827; x_wconf 61' lang='lat' dir='ltr'><strong>‚elatio</strong></span> <span class='ocrx_word' id='word_1_30' title='bbox 702 754 902 829; x_wconf 86' lang='lat' dir='ltr'><strong>omnia</strong></span> <span class='ocrx_word' id='word_1_31' title='bbox 959 755 1133 835; x_wconf 88' lang='lat' dir='ltr'><strong>quasi</strong></span> <span class='ocrx_word' id='word_1_32' title='bbox 1190 754 1531 841; x_wconf 76' lang='lat' dir='ltr'><strong>vacillantia</strong></span> <span class='ocrx_word' id='word_1_33' title='bbox 1598 754 1931 835; x_wconf 74' lang='lat' dir='ltr'><strong>stellasque</strong></span> <span class='ocrx_word' id='word_1_34' title='bbox 1997 753 2243 816; x_wconf 83' lang='lat' dir='ltr'><strong>orbibus</strong></span> <span class='ocrx_word' id='word_1_35' title='bbox 2309 755 2439 814; x_wconf 86' lang='lat' dir='ltr'><strong>suis</strong></span> <span class='ocrx_word' id='word_1_36' title='bbox 2508 748 2789 829; x_wconf 80' lang='lat' dir='ltr'><strong>dejectas</strong></span> 
     </span>
     <span class='ocr_line' id='line_1_6' title="bbox 459 859 2790 942; baseline -0.003 -18"><span class='ocrx_word' id='word_1_37' title='bbox 459 859 752 925; x_wconf 87' lang='lat' dir='ltr'><strong>ostendat.</strong></span> <span class='ocrx_word' id='word_1_38' title='bbox 828 859 1201 925; x_wconf 88' lang='lat' dir='ltr'><strong>Coelestium·</strong></span> <span class='ocrx_word' id='word_1_39' title='bbox 1243 859 1505 942; x_wconf 88' lang='lat' dir='ltr'><strong>denique</strong></span> <span class='ocrx_word' id='word_1_40' title='bbox 1552 864 1835 924; x_wconf 86' lang='lat' dir='ltr'><strong>virtutum</strong></span> <span class='ocrx_word' id='word_1_41' title='bbox 1876 862 2199 925; x_wconf 89' lang='lat' dir='ltr'><strong>commotio</strong></span> <span class='ocrx_word' id='word_1_42' title='bbox 2235 878 2377 922; x_wconf 90' lang='lat' dir='ltr'><strong>cum</strong></span> <span class='ocrx_word' id='word_1_43' title='bbox 2402 877 2585 922; x_wconf 89' lang='lat' dir='ltr'><strong>nemo</strong></span> <span class='ocrx_word' id='word_1_44' title='bbox 2614 873 2790 918; x_wconf 88' lang='lat' dir='ltr'><strong>nunc</strong></span> 
     </span>
     <span class='ocr_line' id='line_1_7' title="bbox 460 952 2787 1048; baseline -0.003 -17"><span class='ocrx_word' id='word_1_45' title='bbox 460 966 536 1031; x_wconf 90' lang='lat' dir='ltr'><strong>ad</strong></span> <span class='ocrx_word' id='word_1_46' title='bbox 598 967 845 1047; x_wconf 80' lang='lat' dir='ltr'><strong>angelos</strong></span> <span class='ocrx_word' id='word_1_47' title='bbox 900 985 1245 1048; x_wconf 77' lang='lat' dir='ltr'><strong>‚eorumque</strong></span> <span class='ocrx_word' id='word_1_48' title='bbox 1282 975 1416 1033; x_wconf 91' lang='lat' dir='ltr'><strong>-aut</strong></span> <span class='ocrx_word' id='word_1_49' title='bbox 1448 952 1935 1032; x_wconf 67' lang='lat' dir='ltr'><strong>-asdmirationem</strong></span> <span class='ocrx_word' id='word_1_50' title='bbox 1997 974 2101 1029; x_wconf 87' lang='lat' dir='ltr'><strong>aut</strong></span> <span class='ocrx_word' id='word_1_51' title='bbox 2161 968 2476 1031; x_wconf 85' lang='lat' dir='ltr'><strong>horrorem</strong></span> <span class='ocrx_word' id='word_1_52' title='bbox 2535 964 2787 1037; x_wconf 82' lang='lat' dir='ltr'><strong>referat,</strong></span> 
     </span>
     <span class='ocr_line' id='line_1_8' title="bbox 463 1071 2790 1139; baseline -0.002 -2"><span class='ocrx_word' id='word_1_53' title='bbox 463 1082 637 1138; x_wconf 87' lang='lat' dir='ltr'><strong>erunt</strong></span> <span class='ocrx_word' id='word_1_54' title='bbox 682 1080 785 1136; x_wconf 90' lang='lat' dir='ltr'><strong>aut</strong></span> <span class='ocrx_word' id='word_1_55' title='bbox 828 1073 1104 1138; x_wconf 79' lang='lat' dir='ltr'><strong>defectus</strong></span> <span class='ocrx_word' id='word_1_56' title='bbox 1150 1075 1459 1139; x_wconf 81' lang='lat' dir='ltr'><strong>efficaciae</strong></span> <span class='ocrx_word' id='word_1_57' title='bbox 1508 1078 1570 1138; x_wconf 92' lang='lat' dir='ltr'><strong>in</strong></span> <span class='ocrx_word' id='word_1_58' title='bbox 1618 1076 2099 1139; x_wconf 74' lang='lat' dir='ltr'><strong>haec-iuferiora</strong></span> <span class='ocrx_word' id='word_1_59' title='bbox 2133 1076 2281 1139; x_wconf 65' lang='lat' dir='ltr'><strong>¹loca</strong></span> <span class='ocrx_word' id='word_1_60' title='bbox 2340 1074 2416 1137; x_wconf 77' lang='lat' dir='ltr'><strong>ab</strong></span> <span class='ocrx_word' id='word_1_61' title='bbox 2464 1075 2642 1137; x_wconf 79' lang='lat' dir='ltr'><strong>astris</strong></span> <span class='ocrx_word' id='word_1_62' title='bbox 2679 1071 2790 1133; x_wconf 86' lang='lat' dir='ltr'><strong>de-</strong></span> 
     </span>
     <span class='ocr_line' id='line_1_9' title="bbox 459 1180 2888 1269; baseline -0.002 -24"><span class='ocrx_word' id='word_1_63' title='bbox 459 1180 723 1253; x_wconf 86' lang='lat' dir='ltr'><strong>fluentis,</strong></span> <span class='ocrx_word' id='word_1_64' title='bbox 770 1188 886 1253; x_wconf 89' lang='lat' dir='ltr'><strong>aut‚·</strong></span> <span class='ocrx_word' id='word_1_65' title='bbox 935 1183 1055 1261; x_wconf 91' lang='lat' dir='ltr'><strong>(cui</strong></span> <span class='ocrx_word' id='word_1_66' title='bbox 1101 1184 1372 1264; x_wconf 85' lang='lat' dir='ltr'><strong>opinioni</strong></span> <span class='ocrx_word' id='word_1_67' title='bbox 1418 1183 1601 1246; x_wconf 86' lang='lat' dir='ltr'><strong>Gerh.</strong></span> <span class='ocrx_word' id='word_1_68' title='bbox 1631 1184 1671 1245; x_wconf 92' lang='lat' dir='ltr'><strong>l.</strong></span> <span class='ocrx_word' id='word_1_69' title='bbox 1706 1201 1760 1247; x_wconf 89' lang='lat' dir='ltr'><strong>c.</strong></span> <span class='ocrx_word' id='word_1_70' title='bbox 1789 1182 1920 1249; x_wconf 84' lang='grc'><strong>270</strong></span> <span class='ocrx_word' id='word_1_71' title='bbox 1964 1181 2145 1265; x_wconf 84' lang='lat' dir='ltr'><strong>favet)</strong></span> <span class='ocrx_word' id='word_1_72' title='bbox 2192 1184 2465 1262; x_wconf 83' lang='lat' dir='ltr'><strong>insignes</strong></span> <span class='ocrx_word' id='word_1_73' title='bbox 2501 1183 2566 1243; x_wconf 86' lang='lat' dir='ltr'><strong>in</strong></span> <span class='ocrx_word' id='word_1_74' title='bbox 2602 1180 2788 1243; x_wconf 89' lang='lat' dir='ltr'><strong>coelo</strong></span> <span class='ocrx_word' id='word_1_75' title='bbox 2887 1264 2888 1269; x_wconf 8' lang='grc' dir='ltr'>ἵ</span> 
     </span>
     <span class='ocr_line' id='line_1_10' title="bbox 460 1289 2888 1370; baseline -0 -18"><span class='ocrx_word' id='word_1_76' title='bbox 460 1289 747 1353; x_wconf 86' lang='lat' dir='ltr'><strong>aethereo</strong></span> <span class='ocrx_word' id='word_1_77' title='bbox 794 1297 863 1351; x_wconf 83' lang='lat' dir='ltr'><strong>et</strong></span> <span class='ocrx_word' id='word_1_78' title='bbox 897 1293 1076 1353; x_wconf 62' lang='lat' dir='ltr'><strong>aereo</strong></span> <span class='ocrx_word' id='word_1_79' title='bbox 1121 1293 1504 1364; x_wconf 82' lang='lat' dir='ltr'><strong>mutationes,</strong></span> <span class='ocrx_word' id='word_1_80' title='bbox 1551 1292 1842 1355; x_wconf 80' lang='lat' dir='ltr'><strong>mirabilis</strong></span> <span class='ocrx_word' id='word_1_81' title='bbox 1889 1289 2024 1369; x_wconf 70' lang='lat' dir='ltr'><strong>ejus</strong></span> <span class='ocrx_word' id='word_1_82' title='bbox 2049 1291 2239 1353; x_wconf 78' lang='lat' dir='ltr'><strong>facies</strong></span> <span class='ocrx_word' id='word_1_83' title='bbox 2270 1309 2325 1352; x_wconf 92' lang='lat' dir='ltr'><strong>e.</strong></span> <span class='ocrx_word' id='word_1_84' title='bbox 2364 1309 2423 1370; x_wconf 87' lang='lat' dir='ltr'><strong>g.</strong></span> <span class='ocrx_word' id='word_1_85' title='bbox 2456 1289 2785 1360; x_wconf 73' lang='lat' dir='ltr'><strong>chasmate,</strong></span> <span class='ocrx_word' id='word_1_86' title='bbox 2887 1302 2888 1305; x_wconf 73' lang='grc'>’</span> 
     </span>
     <span class='ocr_line' id='line_1_11' title="bbox 460 1397 2788 1480; baseline -0 -22"><span class='ocrx_word' id='word_1_87' title='bbox 460 1397 750 1469; x_wconf 80' lang='lat' dir='ltr'><strong>turbines,</strong></span> <span class='ocrx_word' id='word_1_88' title='bbox 797 1404 1111 1460; x_wconf 75' lang='lat' dir='ltr'><strong>ventorum</strong></span> <span class='ocrx_word' id='word_1_89' title='bbox 1152 1398 1497 1478; x_wconf 75' lang='lat' dir='ltr'><strong>grandinea,</strong></span> <span class='ocrx_word' id='word_1_90' title='bbox 1544 1400 1778 1480; x_wconf 83' lang='lat' dir='ltr'><strong>pluviae</strong></span> <span class='ocrx_word' id='word_1_91' title='bbox 1828 1399 2217 1480; x_wconf 80' lang='lat' dir='ltr'><strong>sanguineae,</strong></span> <span class='ocrx_word' id='word_1_92' title='bbox 2264 1397 2582 1460; x_wconf 80' lang='lat' dir='ltr'><strong>horribiles</strong></span> <span class='ocrx_word' id='word_1_93' title='bbox 2623 1404 2788 1468; x_wconf 56' lang='lat' dir='ltr'><strong>,tem-</strong></span> 
     </span>
     <span class='ocr_line' id='line_1_12' title="bbox 466 1479 2787 1585; baseline -0.001 -20"><span class='ocrx_word' id='word_1_94' title='bbox 466 1510 758 1583; x_wconf 89' lang='lat' dir='ltr'><strong>pestates,</strong></span> <span class='ocrx_word' id='word_1_95' title='bbox 805 1521 999 1568; x_wconf 86' lang='lat' dir='ltr'><strong>novae</strong></span> <span class='ocrx_word' id='word_1_96' title='bbox 1030 1504 1262 1578; x_wconf 89' lang='lat' dir='ltr'><strong>stellae,</strong></span> <span class='ocrx_word' id='word_1_97' title='bbox 1309 1504 1552 1571; x_wconf 83' lang='lat' dir='ltr'><strong>infausti</strong></span> <span class='ocrx_word' id='word_1_98' title='bbox 1590 1512 1651 1568; x_wconf 89' lang='lat' dir='ltr'><strong>et</strong></span> <span class='ocrx_word' id='word_1_99' title='bbox 1694 1479 1978 1567; x_wconf 66' lang='lat' dir='ltr'><strong>horrendi</strong></span> <span class='ocrx_word' id='word_1_100' title='bbox 2025 1502 2369 1585; x_wconf 80' lang='lat' dir='ltr'><strong>adspectus,</strong></span> <span class='ocrx_word' id='word_1_101' title='bbox 2419 1519 2614 1584; x_wconf 90' lang='lat' dir='ltr'><strong>eaque</strong></span> <span class='ocrx_word' id='word_1_102' title='bbox 2650 1519 2787 1562; x_wconf 89' lang='lat' dir='ltr'><strong>om·</strong></span> 
     </span>
     <span class='ocr_line' id='line_1_13' title="bbox 464 1609 2788 1691; baseline 0 -21"><span class='ocrx_word' id='word_1_103' title='bbox 464 1610 583 1681; x_wconf 87' lang='lat' dir='ltr'><strong>nia,</strong></span> <span class='ocrx_word' id='word_1_104' title='bbox 632 1625 788 1689; x_wconf 86' lang='lat' dir='ltr'><strong>quae</strong></span> <span class='ocrx_word' id='word_1_105' title='bbox 833 1610 895 1670; x_wconf 89' lang='lat' dir='ltr'><strong>in</strong></span> <span class='ocrx_word' id='word_1_106' title='bbox 944 1609 1233 1687; x_wconf 76' lang='lat' dir='ltr'><strong>aetherea</strong></span> <span class='ocrx_word' id='word_1_107' title='bbox 1278 1617 1345 1675; x_wconf 90' lang='lat' dir='ltr'><strong>et·</strong></span> <span class='ocrx_word' id='word_1_108' title='bbox 1383 1614 1564 1674; x_wconf 70' lang='lat' dir='ltr'><strong>aerea</strong></span> <span class='ocrx_word' id='word_1_109' title='bbox 1606 1613 1865 1691; x_wconf 81' lang='lat' dir='ltr'><strong>regione</strong></span> <span class='ocrx_word' id='word_1_110' title='bbox 1913 1610 2396 1682; x_wconf 85' lang='lat' dir='ltr'><strong>extraordinaria,</strong></span> <span class='ocrx_word' id='word_1_111' title='bbox 2441 1609 2682 1672; x_wconf 86' lang='lat' dir='ltr'><strong>insolita</strong></span> <span class='ocrx_word' id='word_1_112' title='bbox 2713 1625 2788 1671; x_wconf 88' lang='lat' dir='ltr'><strong>ac</strong></span> 
     </span>
     <span class='ocr_line' id='line_1_14' title="bbox 462 1717 1407 1797; baseline 0.002 -19"><span class='ocrx_word' id='word_1_113' title='bbox 462 1717 991 1796; x_wconf 79' lang='lat' dir='ltr'><strong>praeternaturalia</strong></span> <span class='ocrx_word' id='word_1_114' title='bbox 1036 1718 1407 1797; x_wconf 85' lang='lat' dir='ltr'><strong>contingunt.</strong></span> 
     </span>
    </p>

    <p class='ocr_par' dir='ltr' id='par_1_5' title="bbox 466 1820 2796 3519">
     <span class='ocr_line' id='line_1_15' title="bbox 642 1820 2787 1907; baseline -0.001 -23"><span class='ocrx_word' id='word_1_115' title='bbox 642 1821 767 1885; x_wconf 87' lang='lat' dir='ltr'><strong>Sed</strong></span> <span class='ocrx_word' id='word_1_116' title='bbox 828 1840 1010 1902; x_wconf 85' lang='lat' dir='ltr'><strong>quum</strong></span> <span class='ocrx_word' id='word_1_117' title='bbox 1068 1826 1164 1886; x_wconf 81' lang='lat' dir='ltr'><strong>vix</strong></span> <span class='ocrx_word' id='word_1_118' title='bbox 1220 1824 1548 1887; x_wconf 85' lang='lat' dir='ltr'><strong>verisimile</strong></span> <span class='ocrx_word' id='word_1_119' title='bbox 1614 1824 1737 1896; x_wconf 85' lang='lat' dir='ltr'><strong>sit„</strong></span> <span class='ocrx_word' id='word_1_120' title='bbox 1796 1823 2096 1907; x_wconf 78' lang='lat' dir='ltr'><strong>Christum</strong></span> <span class='ocrx_word' id='word_1_121' title='bbox 2141 1841 2288 1885; x_wconf 91' lang='lat' dir='ltr'><strong>suos</strong></span> <span class='ocrx_word' id='word_1_122' title='bbox 2335 1821 2659 1884; x_wconf 80' lang='lat' dir='ltr'><strong>edocuisse</strong></span> <span class='ocrx_word' id='word_1_123' title='bbox 2695 1820 2787 1883; x_wconf 87' lang='lat' dir='ltr'><strong>de</strong></span> 
     </span>
     <span class='ocr_line' id='line_1_16' title="bbox 466 1929 2789 2019; baseline -0.001 -27"><span class='ocrx_word' id='word_1_124' title='bbox 466 1930 611 1992; x_wconf 89' lang='lat' dir='ltr'><strong>solis</strong></span> <span class='ocrx_word' id='word_1_125' title='bbox 657 1931 854 2011; x_wconf 91' lang='lat' dir='ltr'><strong>potius</strong></span> <span class='ocrx_word' id='word_1_126' title='bbox 898 1930 1198 2019; x_wconf 88' lang='lat' dir='ltr'><strong>lunaeque</strong></span> <span class='ocrx_word' id='word_1_127' title='bbox 1248 1949 1429 2013; x_wconf 88' lang='lat' dir='ltr'><strong>quam</strong></span> <span class='ocrx_word' id='word_1_128' title='bbox 1478 1929 1554 1992; x_wconf 92' lang='lat' dir='ltr'><strong>de</strong></span> <span class='ocrx_word' id='word_1_129' title='bbox 1600 1931 1916 1993; x_wconf 84' lang='lat' dir='ltr'><strong>Ecclesiae</strong></span> <span class='ocrx_word' id='word_1_130' title='bbox 1962 1931 2286 2004; x_wconf 75' lang='lat' dir='ltr'><strong>laboribuS,</strong></span> <span class='ocrx_word' id='word_1_131' title='bbox 2336 1929 2411 1991; x_wconf 92' lang='lat' dir='ltr'><strong>de</strong></span> <span class='ocrx_word' id='word_1_132' title='bbox 2457 1929 2653 1991; x_wconf 88' lang='lat' dir='ltr'><strong>stellis</strong></span> <span class='ocrx_word' id='word_1_133' title='bbox 2692 1947 2789 1990; x_wconf 91' lang='lat' dir='ltr'><strong>er-</strong></span> 
     </span>
     <span class='ocr_line' id='line_1_17' title="bbox 466 2036 2790 2121; baseline -0.001 -20"><span class='ocrx_word' id='word_1_134' title='bbox 466 2038 670 2101; x_wconf 88' lang='lat' dir='ltr'><strong>raticis</strong></span> <span class='ocrx_word' id='word_1_135' title='bbox 715 2039 950 2118; x_wconf 86' lang='lat' dir='ltr'><strong>potius,</strong></span> <span class='ocrx_word' id='word_1_136' title='bbox 1000 2057 1177 2120; x_wconf 89' lang='lat' dir='ltr'><strong>quam</strong></span> <span class='ocrx_word' id='word_1_137' title='bbox 1228 2036 1303 2105; x_wconf 91' lang='lat' dir='ltr'><strong>de</strong></span> <span class='ocrx_word' id='word_1_138' title='bbox 1349 2039 1687 2115; x_wconf 80' lang='lat' dir='ltr'><strong>erroribus,</strong></span> <span class='ocrx_word' id='word_1_139' title='bbox 1736 2038 1822 2101; x_wconf 77' lang='lat' dir='ltr'><strong>de·</strong></span> <span class='ocrx_word' id='word_1_140' title='bbox 1861 2038 2248 2121; x_wconf 82' lang='lat' dir='ltr'><strong>grandinibus</strong></span> <span class='ocrx_word' id='word_1_141' title='bbox 2302 2039 2518 2119; x_wconf 85' lang='lat' dir='ltr'><strong>potius.</strong></span> <span class='ocrx_word' id='word_1_142' title='bbox 2542 2037 2790 2117; x_wconf 84' lang='lat' dir='ltr'><strong>pluviis-</strong></span> 
     </span>
     <span class='ocr_line' id='line_1_18' title="bbox 468 2145 2791 2243; baseline -0.001 -35"><span class='ocrx_word' id='word_1_143' title='bbox 468 2164 585 2227; x_wconf 88' lang='lat' dir='ltr'><strong>que</strong></span> <span class='ocrx_word' id='word_1_144' title='bbox 660 2147 1036 2225; x_wconf 86' lang='lat' dir='ltr'><strong>sanguineis,</strong></span> <span class='ocrx_word' id='word_1_145' title='bbox 1110 2165 1293 2229; x_wconf 85' lang='lat' dir='ltr'><strong>quam</strong></span> <span class='ocrx_word' id='word_1_146' title='bbox 1360 2145 1438 2209; x_wconf 89' lang='lat' dir='ltr'><strong>de</strong></span> <span class='ocrx_word' id='word_1_147' title='bbox 1508 2165 1651 2243; x_wconf 73' lang='lat' dir='ltr'><strong>agro</strong></span> <span class='ocrx_word' id='word_1_148' title='bbox 1719 2147 1898 2226; x_wconf 83' lang='lat' dir='ltr'><strong>hujus</strong></span> <span class='ocrx_word' id='word_1_149' title='bbox 1974 2145 2191 2209; x_wconf 87' lang='lat' dir='ltr'><strong>mundi</strong></span> <span class='ocrx_word' id='word_1_150' title='bbox 2260 2154 2581 2226; x_wconf 82' lang='lat' dir='ltr'><strong>martyrum</strong></span> <span class='ocrx_word' id='word_1_151' title='bbox 2647 2163 2791 2207; x_wconf 85' lang='lat' dir='ltr'><strong>san-</strong></span> 
     </span>
     <span class='ocr_line' id='line_1_19' title="bbox 468 2249 2796 2335; baseline 0.002 -21"><span class='ocrx_word' id='word_1_152' title='bbox 468 2252 650 2333; x_wconf 80' lang='lat' dir='ltr'><strong>guine</strong></span> <span class='ocrx_word' id='word_1_153' title='bbox 709 2251 1168 2328; x_wconf 84' lang='lat' dir='ltr'><strong>foecundando,</strong></span> <span class='ocrx_word' id='word_1_154' title='bbox 1243 2254 1321 2317; x_wconf 84' lang='lat' dir='ltr'><strong>de</strong></span> <span class='ocrx_word' id='word_1_155' title='bbox 1389 2255 1604 2317; x_wconf 84' lang='lat' dir='ltr'><strong>maris·</strong></span> <span class='ocrx_word' id='word_1_156' title='bbox 1633 2256 1833 2335; x_wconf 85' lang='lat' dir='ltr'><strong>potius</strong></span> <span class='ocrx_word' id='word_1_157' title='bbox 1895 2257 2160 2318; x_wconf 82' lang='lat' dir='ltr'><strong>motibus</strong></span> <span class='ocrx_word' id='word_1_158' title='bbox 2220 2252 2355 2329; x_wconf 88' lang='lat' dir='ltr'><strong>(Lc.</strong></span> <span class='ocrx_word' id='word_1_159' title='bbox 2414 2272 2471 2315; x_wconf 85' lang='lat' dir='ltr'><strong>v.</strong></span> <span class='ocrx_word' id='word_1_160' title='bbox 2534 2249 2656 2318; x_wconf 85' lang='lat'><strong>25:</strong></span> <span class='ocrx_word' id='word_1_161' title='bbox 2731 2252 2796 2318; x_wconf 71' lang='lat' dir='ltr'><strong>dr</strong></span> 
     </span>
     <span class='ocr_line' id='line_1_20' title="bbox 467 2359 2794 2448; baseline -0.001 -23"><span class='ocrx_word' id='word_1_162' title='bbox 467 2362 693 2446; x_wconf 81' lang='grc' dir='ltr'><em>ἀπορίᾳ</em></span> <span class='ocrx_word' id='word_1_163' title='bbox 736 2361 913 2448; x_wconf 79' lang='grc' dir='ltr'><strong><em>ἤχους</em></strong></span> <span class='ocrx_word' id='word_1_164' title='bbox 956 2359 1283 2447; x_wconf 69' lang='grc' dir='ltr'><strong><em>θαλάσσης,</em></strong></span> <span class='ocrx_word' id='word_1_165' title='bbox 1325 2365 1422 2430; x_wconf 79' lang='grc' dir='ltr'><strong>καὶ</strong></span> <span class='ocrx_word' id='word_1_166' title='bbox 1460 2361 1681 2442; x_wconf 79' lang='grc' dir='ltr'>σάλου)</span> <span class='ocrx_word' id='word_1_167' title='bbox 1730 2380 1906 2445; x_wconf 90' lang='lat' dir='ltr'><strong>quam</strong></span> <span class='ocrx_word' id='word_1_168' title='bbox 1954 2362 2029 2426; x_wconf 92' lang='lat' dir='ltr'><strong>de</strong></span> <span class='ocrx_word' id='word_1_169' title='bbox 2069 2364 2341 2445; x_wconf 89' lang='lat' dir='ltr'><strong>gentium</strong></span> <span class='ocrx_word' id='word_1_170' title='bbox 2380 2361 2794 2426; x_wconf 85' lang='lat' dir='ltr'><strong>commotione</strong></span> 
     </span>
     <span class='ocr_line' id='line_1_21' title="bbox 470 2467 2795 2553; baseline -0 -21"><span class='ocrx_word' id='word_1_171' title='bbox 470 2468 546 2532; x_wconf 88' lang='lat' dir='ltr'><strong>ad</strong></span> <span class='ocrx_word' id='word_1_172' title='bbox 594 2470 889 2533; x_wconf 87' lang='lat' dir='ltr'><strong>Christum</strong></span> <span class='ocrx_word' id='word_1_173' title='bbox 947 2467 1403 2553; x_wconf 84' lang='lat' dir='ltr'><strong>trepidantium:</strong></span> <span class='ocrx_word' id='word_1_174' title='bbox 1472 2472 1648 2534; x_wconf 89' lang='lat' dir='ltr'><strong>etiam</strong></span> <span class='ocrx_word' id='word_1_175' title='bbox 1711 2470 1983 2534; x_wconf 89' lang='lat' dir='ltr'><strong>secunda</strong></span> <span class='ocrx_word' id='word_1_176' title='bbox 2025 2472 2186 2534; x_wconf 90' lang='lat' dir='ltr'><strong>haec</strong></span> <span class='ocrx_word' id='word_1_177' title='bbox 2232 2478 2293 2534; x_wconf 89' lang='lat' dir='ltr'><strong>et</strong></span> <span class='ocrx_word' id='word_1_178' title='bbox 2336 2469 2571 2533; x_wconf 88' lang='lat' dir='ltr'><strong>medias</strong></span> <span class='ocrx_word' id='word_1_179' title='bbox 2617 2471 2795 2550; x_wconf 87' lang='lat' dir='ltr'><strong>quasi</strong></span> 
     </span>
     <span class='ocr_line' id='line_1_22' title="bbox 469 2563 2793 2659; baseline -0.001 -20"><span class='ocrx_word' id='word_1_180' title='bbox 469 2584 669 2658; x_wconf 88' lang='lat' dir='ltr'><strong>partes</strong></span> <span class='ocrx_word' id='word_1_181' title='bbox 714 2584 932 2650; x_wconf 84' lang='lat' dir='ltr'><strong>tenens</strong></span> <span class='ocrx_word' id='word_1_182' title='bbox 982 2579 1293 2659; x_wconf 85' lang='lat' dir='ltr'><strong>explicatio</strong></span> <span class='ocrx_word' id='word_1_183' title='bbox 1343 2576 1684 2642; x_wconf 89' lang='lat' dir='ltr'><strong>deserenda</strong></span> <span class='ocrx_word' id='word_1_184' title='bbox 1729 2580 1856 2652; x_wconf 88' lang='lat' dir='ltr'><strong>erit,</strong></span> <span class='ocrx_word' id='word_1_185' title='bbox 1907 2597 1985 2643; x_wconf 88' lang='lat' dir='ltr'><strong>ue</strong></span> <span class='ocrx_word' id='word_1_186' title='bbox 2033 2578 2112 2642; x_wconf 88' lang='lat' dir='ltr'><strong>ad</strong></span> <span class='ocrx_word' id='word_1_187' title='bbox 2155 2563 2374 2659; x_wconf 86' lang='lat' dir='ltr'><strong>pusilla</strong></span> <span class='ocrx_word' id='word_1_188' title='bbox 2418 2585 2480 2639; x_wconf 89' lang='lat' dir='ltr'><strong>et</strong></span> <span class='ocrx_word' id='word_1_189' title='bbox 2508 2576 2793 2638; x_wconf 87' lang='lat' dir='ltr'><strong>minutias</strong></span> 
     </span>
     <span class='ocr_line' id='line_1_23' title="bbox 471 2685 2794 2767; baseline -0.002 -19"><span class='ocrx_word' id='word_1_190' title='bbox 471 2688 795 2767; x_wconf 86' lang='lat' dir='ltr'><strong>abigamur.</strong></span> <span class='ocrx_word' id='word_1_191' title='bbox 886 2686 1224 2750; x_wconf 89' lang='lat' dir='ltr'><strong>Praestaret</strong></span> <span class='ocrx_word' id='word_1_192' title='bbox 1266 2705 1415 2750; x_wconf 87' lang='lat' dir='ltr'><strong>sane</strong></span> <span class='ocrx_word' id='word_1_193' title='bbox 1463 2686 1663 2749; x_wconf 84' lang='lat' dir='ltr'><strong>redire</strong></span> <span class='ocrx_word' id='word_1_194' title='bbox 1708 2685 1784 2749; x_wconf 90' lang='lat' dir='ltr'><strong>ad</strong></span> <span class='ocrx_word' id='word_1_195' title='bbox 1828 2687 2090 2767; x_wconf 87' lang='lat' dir='ltr'><strong>priorem</strong></span> <span class='ocrx_word' id='word_1_196' title='bbox 2125 2688 2289 2750; x_wconf 89' lang='lat' dir='ltr'><strong>illam</strong></span> <span class='ocrx_word' id='word_1_197' title='bbox 2325 2685 2794 2765; x_wconf 85' lang='lat' dir='ltr'><strong>explicationem</strong></span> 
     </span>
     <span class='ocr_line' id='line_1_24' title="bbox 470 2775 2792 2875; baseline -0.001 -20"><span class='ocrx_word' id='word_1_198' title='bbox 470 2794 678 2856; x_wconf 85' lang='lat' dir='ltr'><strong>mundi</strong></span> <span class='ocrx_word' id='word_1_199' title='bbox 724 2793 903 2873; x_wconf 80' lang='lat' dir='ltr'><strong>hujus</strong></span> <span class='ocrx_word' id='word_1_200' title='bbox 948 2796 1212 2857; x_wconf 81' lang='lat' dir='ltr'><strong>fabricae</strong></span> <span class='ocrx_word' id='word_1_201' title='bbox 1258 2775 1492 2857; x_wconf 72' lang='lat' dir='ltr'><strong>ruinam</strong></span> <span class='ocrx_word' id='word_1_202' title='bbox 1537 2795 1636 2857; x_wconf 91' lang='lat' dir='ltr'><strong>hic</strong></span> <span class='ocrx_word' id='word_1_203' title='bbox 1679 2797 2113 2875; x_wconf 86' lang='lat' dir='ltr'><strong>reperientem.</strong></span> <span class='ocrx_word' id='word_1_204' title='bbox 2207 2793 2332 2856; x_wconf 88' lang='lat' dir='ltr'><strong>Sed</strong></span> <span class='ocrx_word' id='word_1_205' title='bbox 2387 2811 2573 2874; x_wconf 90' lang='lat' dir='ltr'><strong>quum</strong></span> <span class='ocrx_word' id='word_1_206' title='bbox 2602 2793 2792 2855; x_wconf 86' lang='lat' dir='ltr'><strong>.haec</strong></span> 
     </span>
     <span class='ocr_line' id='line_1_25' title="bbox 472 2901 2795 2984; baseline -0.002 -20"><span class='ocrx_word' id='word_1_207' title='bbox 472 2919 709 2983; x_wconf 89' lang='lat' dir='ltr'><strong>quoque</strong></span> <span class='ocrx_word' id='word_1_208' title='bbox 769 2910 857 2965; x_wconf 84' lang='lat' dir='ltr'><strong>tot</strong></span> <span class='ocrx_word' id='word_1_209' title='bbox 908 2904 1210 2984; x_wconf 88' lang='lat' dir='ltr'><strong>tantisque</strong></span> <span class='ocrx_word' id='word_1_210' title='bbox 1255 2909 1560 2983; x_wconf 88' lang='lat' dir='ltr'><strong>prematur</strong></span> <span class='ocrx_word' id='word_1_211' title='bbox 1614 2902 2100 2976; x_wconf 85' lang='lat' dir='ltr'><strong>difficultatibus,</strong></span> <span class='ocrx_word' id='word_1_212' title='bbox 2128 2921 2133 2926; x_wconf 92' lang='lat'><strong>·</strong></span> <span class='ocrx_word' id='word_1_213' title='bbox 2165 2904 2343 2982; x_wconf 87' lang='lat' dir='ltr'><strong>eiq&#39;uc</strong></span> <span class='ocrx_word' id='word_1_214' title='bbox 2403 2901 2795 2981; x_wconf 82' lang='lat' dir='ltr'><strong>sequentium</strong></span> 
     </span>
     <span class='ocr_line' id='line_1_26' title="bbox 475 2995 2795 3091; baseline -0.001 -20"><span class='ocrx_word' id='word_1_215' title='bbox 475 3017 538 3072; x_wconf 93' lang='lat' dir='ltr'><strong>et</strong></span> <span class='ocrx_word' id='word_1_216' title='bbox 581 3010 1066 3074; x_wconf 85' lang='lat' dir='ltr'><strong>antecedentium</strong></span> <span class='ocrx_word' id='word_1_217' title='bbox 1110 3030 1393 3073; x_wconf 86' lang='lat' dir='ltr'><strong>versuum</strong></span> <span class='ocrx_word' id='word_1_218' title='bbox 1440 3018 1755 3074; x_wconf 84' lang='lat' dir='ltr'><strong>contextus</strong></span> <span class='ocrx_word' id='word_1_219' title='bbox 1800 2997 2159 3091; x_wconf 68' lang='lat' dir='ltr'><strong>refragetur,</strong></span> <span class='ocrx_word' id='word_1_220' title='bbox 2208 2995 2320 3072; x_wconf 76' lang='lat' dir='ltr'><strong>alia</strong></span> <span class='ocrx_word' id='word_1_221' title='bbox 2362 3011 2455 3072; x_wconf 73' lang='lat' dir='ltr'><strong>via</strong></span> <span class='ocrx_word' id='word_1_222' title='bbox 2498 3007 2795 3070; x_wconf 89' lang='lat' dir='ltr'><strong>inceden-</strong></span> 
     </span>
     <span class='ocr_line' id='line_1_27' title="bbox 475 3114 2792 3198; baseline -0.001 -21"><span class='ocrx_word' id='word_1_223' title='bbox 475 3116 617 3178; x_wconf 93' lang='lat' dir='ltr'><strong>dum</strong></span> <span class='ocrx_word' id='word_1_224' title='bbox 665 3122 724 3178; x_wconf 89' lang='lat' dir='ltr'><strong>et</strong></span> <span class='ocrx_word' id='word_1_225' title='bbox 768 3115 1052 3198; x_wconf 84' lang='lat' dir='ltr'><strong>figuratae</strong></span> <span class='ocrx_word' id='word_1_226' title='bbox 1098 3137 1209 3182; x_wconf 85' lang='lat' dir='ltr'><strong>seu</strong></span> <span class='ocrx_word' id='word_1_227' title='bbox 1258 3118 1709 3198; x_wconf 90' lang='lat' dir='ltr'><strong>metaphoricae</strong></span> <span class='ocrx_word' id='word_1_228' title='bbox 1759 3117 2006 3180; x_wconf 87' lang='lat' dir='ltr'><strong>dictioni</strong></span> <span class='ocrx_word' id='word_1_229' title='bbox 2049 3115 2274 3198; x_wconf 84' lang='lat' dir='ltr'><strong>aliquid</strong></span> <span class='ocrx_word' id='word_1_230' title='bbox 2334 3114 2595 3177; x_wconf 86' lang='lat' dir='ltr'><strong>dandum</strong></span> <span class='ocrx_word' id='word_1_231' title='bbox 2656 3115 2792 3177; x_wconf 87' lang='lat' dir='ltr'><strong>erit.</strong></span> 
     </span>
     <span class='ocr_line' id='line_1_28' title="bbox 474 3207 2795 3308; baseline -0.001 -21"><span class='ocrx_word' id='word_1_232' title='bbox 474 3222 599 3287; x_wconf 88' lang='lat' dir='ltr'><strong>Sed</strong></span> <span class='ocrx_word' id='word_1_233' title='bbox 649 3229 821 3287; x_wconf 87' lang='lat' dir='ltr'><strong>caute</strong></span> <span class='ocrx_word' id='word_1_234' title='bbox 870 3225 982 3286; x_wconf 73' lang='lat' dir='ltr'><strong>hac</strong></span> <span class='ocrx_word' id='word_1_235' title='bbox 1027 3226 1123 3308; x_wconf 76' lang='lat' dir='ltr'><strong>yia</strong></span> <span class='ocrx_word' id='word_1_236' title='bbox 1167 3223 1609 3297; x_wconf 86' lang='lat' dir='ltr'><strong>incedendum,</strong></span> <span class='ocrx_word' id='word_1_237' title='bbox 1659 3242 1737 3286; x_wconf 91' lang='lat' dir='ltr'><strong>ne</strong></span> <span class='ocrx_word' id='word_1_238' title='bbox 1783 3207 2026 3288; x_wconf 87' lang='lat' dir='ltr'><strong>arbitrio</strong></span> <span class='ocrx_word' id='word_1_239' title='bbox 2070 3230 2134 3286; x_wconf 90' lang='lat' dir='ltr'><strong>et</strong></span> <span class='ocrx_word' id='word_1_240' title='bbox 2159 3221 2432 3290; x_wconf 79' lang='lat' dir='ltr'><strong>ludibrio</strong></span> <span class='ocrx_word' id='word_1_241' title='bbox 2461 3221 2650 3282; x_wconf 66' lang='lat' dir='ltr'><strong>docus</strong></span> <span class='ocrx_word' id='word_1_242' title='bbox 2693 3239 2795 3284; x_wconf 91' lang='lat' dir='ltr'><strong>re-</strong></span> 
     </span>
     <span class='ocr_line' id='line_1_29' title="bbox 473 3329 2794 3412; baseline -0 -20"><span class='ocrx_word' id='word_1_243' title='bbox 473 3332 793 3412; x_wconf 89' lang='lat' dir='ltr'><strong>linquatur,</strong></span> <span class='ocrx_word' id='word_1_244' title='bbox 842 3348 962 3411; x_wconf 89' lang='lat' dir='ltr'><strong>quo</strong></span> <span class='ocrx_word' id='word_1_245' title='bbox 1007 3331 1177 3394; x_wconf 80' lang='lat' dir='ltr'><strong>multi</strong></span> <span class='ocrx_word' id='word_1_246' title='bbox 1223 3339 1364 3394; x_wconf 85' lang='lat' dir='ltr'><strong>sunt</strong></span> <span class='ocrx_word' id='word_1_247' title='bbox 1406 3332 1638 3396; x_wconf 87' lang='lat' dir='ltr'><strong>irretiti.</strong></span> <span class='ocrx_word' id='word_1_248' title='bbox 1710 3329 2149 3394; x_wconf 87' lang='lat' dir='ltr'><strong>Perlustremus</strong></span> <span class='ocrx_word' id='word_1_249' title='bbox 2192 3331 2388 3393; x_wconf 83' lang='lat' dir='ltr'><strong>varias</strong></span> <span class='ocrx_word' id='word_1_250' title='bbox 2432 3330 2794 3400; x_wconf 87' lang='lat' dir='ltr'><strong>sententias,</strong></span> 
     </span>
     <span class='ocr_line' id='line_1_30' title="bbox 474 3439 1035 3519; baseline 0.004 -19"><span class='ocrx_word' id='word_1_251' title='bbox 474 3439 597 3500; x_wconf 92' lang='lat' dir='ltr'><strong>huc</strong></span> <span class='ocrx_word' id='word_1_252' title='bbox 639 3439 1035 3519; x_wconf 88' lang='lat' dir='ltr'><strong>pertinentes.</strong></span> 
     </span>
    </p>

    <p class='ocr_par' dir='ltr' id='par_1_6' title="bbox 478 3529 2795 3951">
     <span class='ocr_line' id='line_1_31' title="bbox 649 3529 2794 3626; baseline -0.004 -16"><span class='ocrx_word' id='word_1_253' title='bbox 649 3546 889 3610; x_wconf 87' lang='lat' dir='ltr'><strong>Veritas</strong></span> <span class='ocrx_word' id='word_1_254' title='bbox 944 3563 1127 3626; x_wconf 88' lang='lat' dir='ltr'><strong>saepe</strong></span> <span class='ocrx_word' id='word_1_255' title='bbox 1158 3529 1283 3618; x_wconf 51' lang='lat' dir='ltr'><strong>‚lux</strong></span> <span class='ocrx_word' id='word_1_256' title='bbox 1339 3563 1450 3607; x_wconf 90' lang='lat' dir='ltr'><strong>seu</strong></span> <span class='ocrx_word' id='word_1_257' title='bbox 1504 3545 1829 3617; x_wconf 87' lang='lat' dir='ltr'><strong>luminare,</strong></span> <span class='ocrx_word' id='word_1_258' title='bbox 1892 3545 1983 3606; x_wconf 90' lang='lat' dir='ltr'><strong>sol</strong></span> <span class='ocrx_word' id='word_1_259' title='bbox 2049 3551 2149 3606; x_wconf 86' lang='lat' dir='ltr'><strong>aut-</strong></span> <span class='ocrx_word' id='word_1_260' title='bbox 2210 3544 2380 3607; x_wconf 87' lang='lat' dir='ltr'><strong>stella</strong></span> <span class='ocrx_word' id='word_1_261' title='bbox 2425 3542 2794 3626; x_wconf 87' lang='lat' dir='ltr'><strong>appellatur:</strong></span> 
     </span>
     <span class='ocr_line' id='line_1_32' title="bbox 478 3652 2794 3736; baseline -0.001 -20"><span class='ocrx_word' id='word_1_262' title='bbox 478 3655 627 3716; x_wconf 88' lang='lat' dir='ltr'><strong>solis</strong></span> <span class='ocrx_word' id='word_1_263' title='bbox 674 3654 876 3736; x_wconf 88' lang='lat' dir='ltr'><strong>itaque</strong></span> <span class='ocrx_word' id='word_1_264' title='bbox 923 3655 1262 3720; x_wconf 85' lang='lat' dir='ltr'><strong>obscuratio</strong></span> <span class='ocrx_word' id='word_1_265' title='bbox 1312 3661 1372 3716; x_wconf 92' lang='lat' dir='ltr'><strong>et</strong></span> <span class='ocrx_word' id='word_1_266' title='bbox 1416 3654 1597 3716; x_wconf 91' lang='lat' dir='ltr'><strong>lunae</strong></span> <span class='ocrx_word' id='word_1_267' title='bbox 1643 3653 1952 3722; x_wconf 84' lang='lat' dir='ltr'><strong>nonnullis</strong></span> <span class='ocrx_word' id='word_1_268' title='bbox 2001 3653 2231 3716; x_wconf 88' lang='lat' dir='ltr'><strong>videtur</strong></span> <span class='ocrx_word' id='word_1_269' title='bbox 2286 3670 2428 3714; x_wconf 88' lang='lat' dir='ltr'><strong>esse</strong></span> <span class='ocrx_word' id='word_1_270' title='bbox 2489 3652 2794 3714; x_wconf 87' lang='lat' dir='ltr'><strong>ecclesiae</strong></span> 
     </span>
     <span class='ocr_line' id='line_1_33' title="bbox 478 3756 2790 3845; baseline -0.001 -20"><span class='ocrx_word' id='word_1_271' title='bbox 478 3764 644 3845; x_wconf 88' lang='lat' dir='ltr'><strong>quasi</strong></span> <span class='ocrx_word' id='word_1_272' title='bbox 675 3761 938 3841; x_wconf 85' lang='lat' dir='ltr'><strong>eclipsis,</strong></span> <span class='ocrx_word' id='word_1_273' title='bbox 971 3763 1257 3838; x_wconf 81' lang='lat' dir='ltr'><strong>coelestis</strong></span> <span class='ocrx_word' id='word_1_274' title='bbox 1289 3760 1593 3826; x_wconf 87' lang='lat' dir='ltr'><strong>doctrinae</strong></span> <span class='ocrx_word' id='word_1_275' title='bbox 1621 3762 1989 3823; x_wconf 89' lang='lat' dir='ltr'><strong>obscuratio.</strong></span> <span class='ocrx_word' id='word_1_276' title='bbox 2030 3759 2107 3823; x_wconf 83' lang='lat' dir='ltr'><strong>cf.</strong></span> <span class='ocrx_word' id='word_1_277' title='bbox 2125 3763 2315 3839; x_wconf 82' lang='lat' dir='ltr'><strong>Apoc.</strong></span> <span class='ocrx_word' id='word_1_278' title='bbox 2331 3761 2378 3831; x_wconf 89' lang='lat'><strong>1,</strong></span> <span class='ocrx_word' id='word_1_279' title='bbox 2412 3760 2513 3825; x_wconf 89' lang='grc'><strong>12.</strong></span> <span class='ocrx_word' id='word_1_280' title='bbox 2548 3756 2649 3824; x_wconf 88' lang='grc'><strong>16.</strong></span> <span class='ocrx_word' id='word_1_281' title='bbox 2681 3758 2790 3823; x_wconf 88' lang='grc'><strong>20.</strong></span> 
     </span>
     <span class='ocr_line' id='line_1_34' title="bbox 481 3856 2795 3951; baseline -0.002 -18"><span class='ocrx_word' id='word_1_282' title='bbox 481 3871 731 3951; x_wconf 90' lang='lat' dir='ltr'><strong>Septem</strong></span> <span class='ocrx_word' id='word_1_283' title='bbox 776 3871 992 3934; x_wconf 88' lang='lat' dir='ltr'><strong>stellae</strong></span> <span class='ocrx_word' id='word_1_284' title='bbox 1042 3877 1179 3931; x_wconf 86' lang='lat' dir='ltr'><strong>sunt</strong></span> <span class='ocrx_word' id='word_1_285' title='bbox 1225 3870 1419 3950; x_wconf 86' lang='lat' dir='ltr'><strong>angeli</strong></span> <span class='ocrx_word' id='word_1_286' title='bbox 1470 3876 1707 3950; x_wconf 89' lang='lat' dir='ltr'><strong>septem</strong></span> <span class='ocrx_word' id='word_1_287' title='bbox 1755 3856 2183 3940; x_wconf 56' lang='lat' dir='ltr'><strong>ecclesiarumi</strong></span> <span class='ocrx_word' id='word_1_288' title='bbox 2220 3875 2454 3949; x_wconf 88' lang='lat' dir='ltr'><strong>septem</strong></span> <span class='ocrx_word' id='word_1_289' title='bbox 2495 3868 2795 3930; x_wconf 86' lang='lat' dir='ltr'><strong>ecclesiae</strong></span> 
     </span>
    </p>
   </div>
   <div class='ocr_carea' id='block_1_5' title="bbox 481 4043 2797 4207">
    <p class='ocr_par' dir='ltr' id='par_1_7' title="bbox 481 4043 2797 4207">
     <span class='ocr_line' id='line_1_35' title="bbox 621 4043 2797 4114; baseline -0.002 -14"><span class='ocrx_word' id='word_1_290' title='bbox 621 4047 714 4114; x_wconf 84' lang='lat'><strong>20)</strong></span> <span class='ocrx_word' id='word_1_291' title='bbox 749 4050 815 4100; x_wconf 78' lang='lat' dir='ltr'><strong>cf.</strong></span> <span class='ocrx_word' id='word_1_292' title='bbox 850 4049 1087 4102; x_wconf 70' lang='lat' dir='ltr'><strong>Lactant.</strong></span> <span class='ocrx_word' id='word_1_293' title='bbox 1123 4047 1295 4099; x_wconf 77' lang='lat' dir='ltr'><strong>Instit.</strong></span> <span class='ocrx_word' id='word_1_294' title='bbox 1334 4046 1452 4111; x_wconf 81' lang='lat' dir='ltr'><strong>Vll,</strong></span> <span class='ocrx_word' id='word_1_295' title='bbox 1490 4046 1573 4099; x_wconf 81' lang='lat'><strong>16.</strong></span> <span class='ocrx_word' id='word_1_296' title='bbox 1610 4046 1690 4098; x_wconf 83' lang='lat' dir='ltr'><strong>ed.</strong></span> <span class='ocrx_word' id='word_1_297' title='bbox 1726 4044 1915 4097; x_wconf 72' lang='lat' dir='ltr'><strong>Wnlch</strong></span> <span class='ocrx_word' id='word_1_298' title='bbox 1951 4062 1997 4112; x_wconf 90' lang='lat' dir='ltr'><strong>p.</strong></span> <span class='ocrx_word' id='word_1_299' title='bbox 2034 4044 2155 4097; x_wconf 84' lang='lat'><strong>848.</strong></span> <span class='ocrx_word' id='word_1_300' title='bbox 2191 4043 2345 4097; x_wconf 63' lang='lat' dir='ltr'><strong>sta:</strong></span> <span class='ocrx_word' id='word_1_301' title='bbox 2380 4043 2635 4111; x_wconf 66' lang='lat' dir='ltr'><strong>Prodigia</strong></span> <span class='ocrx_word' id='word_1_302' title='bbox 2664 4059 2797 4113; x_wconf 83' lang='lat' dir='ltr'><strong>quo-</strong></span> 
     </span>
     <span class='ocr_line' id='line_1_36' title="bbox 481 4131 2794 4207; baseline -0.002 -18"><span class='ocrx_word' id='word_1_303' title='bbox 481 4152 576 4207; x_wconf 71' lang='lat' dir='ltr'><strong>que</strong></span> <span class='ocrx_word' id='word_1_304' title='bbox 612 4136 663 4188; x_wconf 89' lang='lat' dir='ltr'><strong>in</strong></span> <span class='ocrx_word' id='word_1_305' title='bbox 699 4137 841 4189; x_wconf 86' lang='lat' dir='ltr'><strong>coelo</strong></span> <span class='ocrx_word' id='word_1_306' title='bbox 878 4136 1130 4189; x_wconf 63' lang='lat' dir='ltr'><strong>mirabilia</strong></span> <span class='ocrx_word' id='word_1_307' title='bbox 1162 4140 1361 4188; x_wconf 80' lang='lat' dir='ltr'><strong>mentes</strong></span> <span class='ocrx_word' id='word_1_308' title='bbox 1397 4134 1652 4188; x_wconf 82' lang='lat' dir='ltr'><strong>hominum</strong></span> <span class='ocrx_word' id='word_1_309' title='bbox 1688 4135 1900 4187; x_wconf 75' lang='lat' dir='ltr'><strong>maximo</strong></span> <span class='ocrx_word' id='word_1_310' title='bbox 1936 4139 2137 4188; x_wconf 83' lang='lat' dir='ltr'><strong>terrore</strong></span> <span class='ocrx_word' id='word_1_311' title='bbox 2173 4131 2586 4201; x_wconf 51' lang='lat' dir='ltr'><strong>confunde-net</strong></span> <span class='ocrx_word' id='word_1_312' title='bbox 2617 4134 2794 4188; x_wconf 80' lang='lat' dir='ltr'><strong>crines</strong></span> 
     </span>
    </p>
   </div>
   <div class='ocr_carea' id='block_1_6' title="bbox 482 4224 2796 4386">
    <p class='ocr_par' dir='ltr' id='par_1_8' title="bbox 482 4224 2796 4386">
     <span class='ocr_line' id='line_1_37' title="bbox 483 4224 2796 4296; baseline -0.001 -15"><span class='ocrx_word' id='word_1_313' title='bbox 483 4232 792 4281; x_wconf 69' lang='lat' dir='ltr'><strong>cometarum</strong></span> <span class='ocrx_word' id='word_1_314' title='bbox 829 4232 881 4280; x_wconf 81' lang='lat' dir='ltr'><strong>et</strong></span> <span class='ocrx_word' id='word_1_315' title='bbox 915 4229 1045 4281; x_wconf 83' lang='lat' dir='ltr'><strong>solis</strong></span> <span class='ocrx_word' id='word_1_316' title='bbox 1081 4229 1321 4280; x_wconf 69' lang='lat' dir='ltr'><strong>tenchrae</strong></span> <span class='ocrx_word' id='word_1_317' title='bbox 1359 4231 1411 4280; x_wconf 74' lang='lat' dir='ltr'><strong>et</strong></span> <span class='ocrx_word' id='word_1_318' title='bbox 1442 4227 1587 4280; x_wconf 86' lang='lat' dir='ltr'><strong>color</strong></span> <span class='ocrx_word' id='word_1_319' title='bbox 1619 4227 1770 4280; x_wconf 76' lang='lat' dir='ltr'><strong>lunae</strong></span> <span class='ocrx_word' id='word_1_320' title='bbox 1806 4230 1859 4278; x_wconf 70' lang='lat' dir='ltr'><strong>et</strong></span> <span class='ocrx_word' id='word_1_321' title='bbox 1891 4225 2175 4280; x_wconf 70' lang='lat' dir='ltr'><strong>cadentium</strong></span> <span class='ocrx_word' id='word_1_322' title='bbox 2211 4226 2434 4280; x_wconf 80' lang='lat' dir='ltr'><strong>siderum</strong></span> <span class='ocrx_word' id='word_1_323' title='bbox 2450 4226 2651 4296; x_wconf 75' lang='lat' dir='ltr'><strong>lapsus.</strong></span> <span class='ocrx_word' id='word_1_324' title='bbox 2688 4224 2796 4279; x_wconf 76' lang='lat' dir='ltr'><strong>Nec</strong></span> 
     </span>
     <span class='ocr_line' id='line_1_38' title="bbox 482 4317 1548 4386; baseline -0.002 -12"><span class='ocrx_word' id='word_1_325' title='bbox 482 4323 653 4374; x_wconf 60' lang='lat' dir='ltr'><strong>nmen</strong></span> <span class='ocrx_word' id='word_1_326' title='bbox 684 4318 814 4372; x_wconf 74' lang='lat' dir='ltr'><strong>haec</strong></span> <span class='ocrx_word' id='word_1_327' title='bbox 847 4317 1045 4371; x_wconf 73' lang='lat' dir='ltr'><strong>usitato</strong></span> <span class='ocrx_word' id='word_1_328' title='bbox 1079 4318 1225 4371; x_wconf 85' lang='lat' dir='ltr'><strong>modo</strong></span> <span class='ocrx_word' id='word_1_329' title='bbox 1261 4319 1412 4386; x_wconf 80' lang='lat' dir='ltr'><strong>flent,</strong></span> <span class='ocrx_word' id='word_1_330' title='bbox 1448 4321 1548 4372; x_wconf 82' lang='lat' dir='ltr'><strong>etc.</strong></span> 
     </span>
    </p>
   </div>
  </div>
 </body>
</html>
