2934 4797
1242 273 1316 337 81

143 469 315 528 gens.
408 449 550 513 Lev.
598 447 729 517 XX,
784 448 894 512 18:
956 446 1572 531 ἐξολοθρευθήσονται
1616 446 1943 531 ἀμφότεροι
1993 448 2055 511 ἐκ
2108 454 2208 528 τῆς
2259 455 2445 527 γενεᾶς

141 559 340 620 αὐτῶν
373 560 415 620 i.
447 577 503 619 e.
549 575 618 617 ex
645 556 868 637 populo
907 573 1036 626 suo,
1079 574 1216 615 nam
1251 563 1413 617 textu
1441 556 1614 618 hebr.
1647 556 1861 636 legitur
1887 559 2013 633 137,εὲ
2051 560 2243 638 affin.
2295 554 2446 614 Con·

142 663 289 723 ferri
309 681 547 742 quoque
567 669 767 741 potest
784 657 878 723 Ps.
899 660 1067 731 XCV,
1095 661 1204 725 10:
1234 659 1676 743 τεσσαράκοντα
1694 666 1790 741 ἔτη
1807 658 2189 743 προςῴχθισα
2207 666 2274 741 τῇ
2292 667 2451 740 γενεᾷ

138 768 326 849 ἐκείνῃ
365 767 571 849 (Hebr.
606 767 701 838 111,
738 764 890 847 10.>;
939 782 1280 846 quanquam
1318 768 1481 827 enim
1507 769 1811 846 pertinere
1852 772 2051 845 potest
2080 763 2155 827 ad
2191 770 2451 825 aetatem

136 892 355 944 unam,
398 891 603 933 eorum
635 872 799 943 dieo,
845 873 1033 951 quiin
1073 871 1315 932 deserto
1348 874 1537 932 emori
1566 871 1891 942 debebant,
1938 878 2142 933 tamen
2179 868 2448 932 animad-

136 979 516 1050 vertendum,
562 978 1065 1058 significationem
1110 978 1384 1056 ejusdem
1424 982 1515 1040 rei
1557 980 1804 1042 alteram
1848 977 2023 1039 addi:
2072 966 2191 1057 ηιξ
2222 976 2337 1048 *eyia
2370 981 2448 1045 n?

132 1088 174 1146 i.
231 1103 288 1145 e.
342 1085 580 1146 erratici
626 1084 824 1146 cordis
869 1084 1146 1163 populus.
1220 1084 1451 1146 Eodem
1495 1085 1796 1162 pertinere
1824 1084 2060 1146 videtur
2094 1082 2237 1143 Luc.
2269 1082 2446 1155 XVII,

132 1190 254 1255 25:
313 1190 549 1274 πρῶὲον
593 1192 653 1255 δὲ
702 1200 792 1256 δεῖ
836 1188 1016 1256 αὐτὸν
1064 1189 1255 1255 πολλὰ
1298 1199 1545 1268 παθεῖν,
1600 1193 1695 1255 καὶ
1740 1193 2287 1271 ἀποδοκιμασθῆναι
2329 1190 2448 1253 ἀπὸ

134 1305 245 1376 τῆς
290 1297 487 1378 γενεάς
531 1295 765 1378 ταύτης.
878 1298 1149 1360 Christus
1197 1300 1357 1358 enim
1405 1316 1531 1371 non
1587 1315 1803 1359 omues
1858 1297 1952 1360 sui
2000 1298 2287 1376 temporis
2341 1297 2448 1357 ho-

132 1403 342 1465 mines
387 1422 655 1482 paganos
701 1423 893 1483 aeque
938 1422 1016 1465 ac
1043 1403 1328 1477 ludaeos,
1375 1423 1486 1466 seu
1532 1422 1746 1466 aevum
1792 1422 1968 1466 suum
1998 1404 2187 1465 voluit
2213 1411 2441 1475 notare,

131 1511 258 1572 sed
302 1510 589 1573 ludaeos.
661 1512 885 1573 Nullibi
934 1512 1097 1572 enim
1143 1510 1341 1582 docet,
1389 1513 1462 1573 ab
1511 1511 1777 1573 Ethnicis
1826 1526 1893 1571 se
1938 1510 2319 1590 repudiatum
2348 1511 2443 1581 iri,

133 1616 258 1678 sed
296 1617 471 1695 plane
521 1620 887 1681 contrarium
933 1618 1121 1679 habes
1150 1617 1359 1681 Matth.
1389 1617 1537 1689 XXI,
1573 1615 1679 1683 43.
1727 1617 1803 1679 al.
1849 1616 2110 1689 Deinde,
2158 1620 2211 1678 si
2256 1619 2443 1679 inter-

128 1723 441 1796 ficeretur,
491 1725 565 1785 ab
615 1724 1065 1803 aequalibus
1112 1741 1179 1785 se
1228 1722 1720 1785 interficiendum
1763 1723 1841 1784 ita
1867 1722 2252 1784 manifestum
2301 1729 2447 1791 erat,

126 1839 207 1892 ut
251 1831 369 1891 hoe
416 1831 620 1892 dicere
665 1831 849 1909 plane
894 1831 1112 1891 fuisset
1156 1824 1568 1910 superfluumx
1631 1828 1834 1903 Quare
1882 1831 1953 1890 ab
1982 1829 2094 1889 hac
2121 1837 2299 1910 gente
2340 1846 2450 1889 seu

128 1939 389 1999 natione
436 1939 745 1998 communi
783 1937 961 2017 quasi
1018 1934 1263 1997 decreto
1307 1954 1377 1996 se
1426 1934 1805 2015 repudiatum
1850 1936 1923 1995 iri
1970 1942 2107 1999 ante
2156 1935 2449 2013 parusiam

128 2061 316 2106 suam
362 2042 437 2125 (v.
487 2040 601 2119 24)
665 2043 831 2104 dicit.
924 2042 1057 2104 Pari
1116 2042 1297 2104 modo
1353 2042 1498 2103 Luc.
1562 2042 1686 2114 Vll,
1749 2040 1855 2104 31.
1911 2040 2123 2104 Matth.
2169 2041 2275 2113 xl,
2339 2038 2476 2105 163-

136 2152 270 2213 Τίνι
314 2150 376 2213 δὲ
424 2147 703 2228 ὁμοιώσω
748 2146 847 2231 τὴν
890 2146 1087 2231 γενεὰν
1127 2146 1338 2229 ταύςτην
1382 2167 1504 2209 non
1552 2150 1801 2227 respicit
1829 2166 2039 2210 aevum
2067 2166 2263 2221 suum,
2310 2166 2450 2209 nam

132 2274 261 2318 nec
311 2256 387 2318 de
431 2256 686 2337 Paganis
734 2258 899 2336 loqui
930 2263 1159 2334 potest,
1228 2254 1353 2317 sed:
1393 2255 1472 2316 de
1532 2254 1810 2341 Juda‘eis3
1881 2272 1998 2315 nec
2055 2254 2259 2317 dicere
2306 2256 2447 2327 vult,

124 2362 501 2454 ludaeorum
544 2383 829 2444 proavos,
892 2364 943 2426 si
998 2363 1177 2443 positi
1235 2363 1495 2425 fuissent
1546 2369 1925 2441 posterorum
1980 2362 2148 2435 loco,
2220 2363 2449 2424 futuros
2529 2352 2535 2361 ’

126 2462 339 2532 fuisse
385 2472 482 2531 his
528 2472 832 2533 meliores.
924 2471 1233 2547 Nusquam
1281 2471 1449 2530 euim
1482 2469 1602 2530 tale
1653 2468 1794 2548 quid
1850 2468 2115 2547 prodidit
2161 2468 2447 2539 Christum

130 2576 252 2639 sed
286 2578 464 2655 plane
495 2578 856 2637 contrarium
893 2575 1079 2636 hahes
1108 2573 1315 2646 Matth,
1343 2574 1544 2645 XXIII,
1575 2571 1854 2638 29-32.
1902 2571 2056 2637 ὥστε
2092 2584 2448 2656 μαρτυρεῖτε

129 2682 391 2757 ἑαυτοῖς,
420 2679 507 2745 ὅτι
532 2682 653 2745 υἱοί
675 2681 807 2745 ἐστε
833 2687 948 2744 τῶν
981 2676 1385 2762 φονευσάντων
1411 2675 1552 2752 τοὺς
1575 2675 1896 2761 προφήτας.
1955 2679 2076 2743 Καὶ
2111 2677 2282 2756 ὑμεῖς
2311 2684 2443 2759 πλη·

131 2786 379 2871 ρώσατο
404 2787 472 2852 τὸ
501 2789 716 2871 μέτρον
741 2796 857 2851 τῶν
882 2787 1150 2867 πατέρων
1175 2786 1367 2866 niueam
1407 2793 1469 2848 et
1494 2805 1547 2847 v.
1583 2784 1665 2850 33
1697 2803 1803 2847 eos
1837 2792 2015 2847 vocat
2041 2793 2102 2847 et
2127 2795 2443 2866 serpentes

128 2898 478 2977 viperarum
541 2897 913 2974 progeniem.
1022 2893 1206 2956 Plane
1265 2893 1483 2956 eadem
1540 2895 1688 2954 ratio
1750 2899 1843 2953 est
1894 2893 2014 2954 loci
2068 2892 2275 2955 Matth.
2321 2892 2442 2963 XII,

132 3000 249 3067 39.
291 2999 398 3065 41.
447 3001 556 3065 42.
588 2999 696 3065 45.
754 3000 898 3062 Luc.
930 2999 1026 3072 XI,
1057 2999 1161 3065 29.
1194 2998 1295 3064 30.
1329 2998 1431 3063 31.
1463 2997 1549 3063 32
1617 3000 1718 3060 ubi
1764 3006 1971 3078 quater
2014 2999 2201 3061 habes
2229 3017 2443 3060 vocem

136 3107 356 3189 γενεάν.
433 3107 677 3169 Judaeis
724 3107 821 3167 hie
868 3113 1246 3184 opponuntur
1289 3102 1581 3176 Gentiles»,
1627 3104 1920 3166 Ninivitae
1967 3111 2029 3167 et
2069 3107 2273 3183 regina
2317 3122 2442 3165 me-

134 3211 346 3273 ridiei:
406 3211 593 3293 'quare
652 3209 687 3293 ἡ
730 3207 890 3293 γενεὰ
955 3209 1101 3291 αὕτη
1166 3229 1287 3273 non
1346 3218 1546 3289 potest
1608 3228 1725 3271 non
1782 3215 2025 3289 gentem
2078 3210 2443 3272 «ludaeorum

136 3317 499 3397 significare.
568 3318 697 3379 Nec
745 3316 907 3388 dicit,
955 3319 1187 3395 priores
1227 3313 1513 3393 judaicae
1558 3317 1755 3393 gentis
1786 3323 2013 3378 aetates
2052 3334 2163 3377 seu
2190 3333 2441 3394 proavos

136 3426 409 3502 ipsorum
452 3429 828 3486 surrecturos
878 3429 1086 3483 contra
1131 3424 1325 3502 ipsos,
1388 3420 1574 3500 (quod
1630 3428 1796 3482 esset
1853 3439 2003 3482 sane
2040 3429 2244 3484 contra
2291 3423 2440 3484 hane

140 3535 406 3590 aetatem
435 3535 495 3592 et
522 3527 810 3604 adversus
851 3509 1175 3606 aequales)
1224 3525 1334 3589 sed
1378 3524 1654 3588 Gentiles
1684 3533 1887 3589 contra
1933 3527 2111 3589 hanc
2148 3534 2442 3605 gentem

141 3639 411 3712 surgent,
460 3639 523 3694 ut
568 3640 737 3696 recte
765 3631 911 3696 vidit
939 3631 1243 3694 Schottius
1273 3631 1516 3711 aliique.
1585 3630 1953 3710 Significatio
1981 3633 2178 3710 gentis
2212 3634 2442 3696 aeuitur

140 3744 205 3804 in
252 3758 402 3803 voce
446 3739 628 3821 γενεά,
676 3742 724 3801 si
772 3746 1090 3820 usurpatur
1134 3738 1211 3800 de
1256 3745 1438 3820 gente
1487 3738 1719 3818 alique,
1777 3757 1935 3819 quae
1984 3746 2080 3802 est
2121 3759 2242 3802 uua
2286 3743 2443 3804 iuter

142 3847 310 3910 alias.
383 3846 488 3907 Sic
536 3848 699 3906 enim
742 3854 838 3908 est
881 3864 997 3908 una
1043 3850 1107 3905 et
1151 3844 1489 3924 singularis,
1536 3850 1603 3906 ut
1647 3843 1883 3908 differat
1929 3844 2001 3906 ab
2037 3846 2189 3918 aliis,
2231 3853 2293 3908 et
2334 3865 2441 3926 pe·

145 3953 357 4014 culiari
399 3950 660 4032 quddam
705 3955 918 4014 natura
952 3945 1201 4032 insignis
1261 3953 1340 4013 sit
1385 3969 1495 4012 seu
1553 3950 1780 4014 indole.
1871 3949 2070 4024 Quare
2114 3952 2280 4033 ymo?
2321 3971 2439 4017 non

146 4061 347 4122 solum
387 4062 720 4122 universim
767 4059 1008 4122 denotat
1043 4065 1289 4139 gentem
1336 4076 1448 4119 seu
1495 4076 1707 4137 genus,
1755 4057 1866 4121 sed
1909 4064 2087 4122 notae
2122 4059 2439 4140 specificae

147 4174 213 4229 et
254 4170 577 4249 singularis
623 4186 815 4252 genus
864 4167 1163 4249 quoddam
1224 4183 1336 4227 seu
1391 4172 1653 4243 gentem.
1743 4164 2055 4226 Praeterea
2106 4167 2271 4248 γενεά
2321 4187 2440 4230 non

151 4277 348 4338 solum
378 4294 589 4339 eorum
616 4276 825 4341 orbem
863 4275 1171 4356 signifieat,
1218 4274 1318 4354 qui
1360 4275 1684 4353 sanguinis,
1724 4270 1838 4334 sed
1864 4273 2046 4428 etigm
2071 4276 2172 4355 qui
2199 4275 2439 4354 spiritus
