2934 4797
1589 264 1679 333 32

479 440 783 507 effatorum
829 443 1169 524 aperiente,
1229 443 1579 524 perlustrari
1627 451 1686 507 et
1730 442 1989 523 intelligi
2034 444 2256 526 possit,
2316 432 2818 523 quasnam'doc-

477 549 653 611 trinas
703 545 1016 631 discipulis
1062 556 1239 610 notas
1288 555 1350 610 et
1393 552 1584 630 priori
1628 556 1904 632 tempore
1942 551 2281 631 propositas
2310 550 2556 612 nonnisi
2582 547 2819 610 leviter

477 646 672 715 rostra
711 657 985 717 sectione
1025 655 1324 734 attingere
1355 653 1629 717 Christus
1667 673 1820 736 opus
1860 674 1998 718 esse
2030 655 2280 728 duxerit,
2329 656 2574 738 spir-ltus
2603 655 2816 717 sancti

475 761 679 822 mxilio
706 760 998 834 confisus,
1028 779 1142 822 suo
1163 768 1436 842 tempore
1466 763 1617 845 ipsis
1646 781 1769 823 non
1797 762 2075 825 defuturo
2098 760 2310 842 (Mare.
2348 759 2495 834 Xlll,
2524 760 2624 825 11.
2648 760 2812 824 Luc.

472 863 610 939 XXI,
642 863 745 944 14)
781 884 1011 947 eosque
1049 885 1121 929 ea
1155 868 1409 930 scientia
1438 868 1825 941 instrueturo,
1870 875 1939 931 ut
1965 869 2282 931 verborum
2311 868 2503 951 ipsius
2542 886 2815 930 sensum

475 975 789 1047 internum,
838 993 909 1038 ex
937 980 1061 1037 tota
1089 975 1401 1057 religionis
1437 977 1632 1059 ipsius
1661 982 1870 1039 natura
1897 974 2299 1058 depromam,
2346 978 2810 1059 perspicerent.

1584 1159 1667 1226 1.

646 1273 734 1359 A)
762 1275 1028 1341 Primum
1069 1280 1271 1358 itaque
1319 1278 1396 1342 de
1441 1279 1669 1361 regni
1715 1279 2016 1342 Christi
2059 1277 2341 1340 indole
2388 1286 2625 1358 atque
2673 1296 2812 1340 na-

476 1384 637 1446 tura
686 1382 1258 1451 disserendum.
1304 1385 1620 1450 Problema
1662 1405 1775 1468 per
1819 1386 2103 1449 historiae
2146 1383 2473 1448 decursum
2517 1384 2810 1466 religioni

478 1491 828 1554 christianae
874 1493 1312 1559 absolvendum
1354 1501 1478 1559 tam
1521 1496 1700 1576 longe
1746 1496 1989 1574 lateque
2028 1500 2209 1576 patet,
2259 1492 2334 1556 ad
2370 1510 2584 1554 omnes
2609 1494 2806 1573 longe

446 1596 715 1661 -dissitas
749 1599 1063 1665 hominum
1109 1609 1325 1684 gentes
1369 1605 1708 1684 pertinens,
1754 1601 2052 1683 profunda
2097 1608 2157 1663 et
2201 1600 2483 1664 sublimia
2528 1601 2808 1682 amplec-

477 1713 634 1779 tens,
666 1714 730 1769 ut
759 1706 1026 1772 Christus
1053 1728 1176 1771 non
1195 1712 1458 1793 potuerit
1490 1728 1614 1771 non
1642 1711 1838 1788 scire,
1863 1706 2035 1771 valde
2065 1708 2313 1787 longum
2340 1723 2412 1769 ac
2442 1706 2801 1769 diuturnum

472 1830 615 1891 opus
647 1814 837 1894 ipsius
867 1817 930 1875 in
958 1822 1133 1877 terra-
1151 1816 1435 1879 futurum.
1495 1815 1672 1877 Ratio
1703 1815 1882 1878 etiam
1915 1821 2093 1893 atque
2122 1812 2242 1885 via,
2280 1830 2462 1894 quam
2487 1812 2668 1894 hujus
2697 1834 2802 1877 re·

475 1918 709 1998 ligionis
747 1926 953 1982 natura
978 1920 1244 2002 postulat
1289 1919 1366 2004 (v.
1398 1921 1549 1983 infra
1575 1919 1668 2002 B),
1717 1939 1790 1984 ea
1828 1927 1940 1994 est,
1979 1926 2046 1982 ut
2088 1916 2470 2001 pedetentim
2512 1938 2636 1981 non
2673 1940 2800 1984 uno

476 2026 620 2087 saltu
658 2033 835 2107 atque
864 2029 1115 2110 impetu,
1161 2046 1283 2090 non
1321 2048 1432 2110 per
1457 2030 1580 2090 vim
1625 2028 1737 2090 sed
1784 2028 1972 2090 libere
2023 2034 2083 2089 et
2126 2027 2292 2105 quasi
2326 2045 2438 2108 per
2474 2027 2798 2091 suadelam

482 2131 704 2211 („dulci
727 2135 892 2195 enim
918 2137 1140 2197 amoris
1157 2133 1406 2198 suadela
1426 2136 1602 2199 trahit
1626 2133 1860 2216 Dens“)
1881 2132 2424 2215 progredidebeat.
2474 2132 2660 2212 Cujus
2691 2154 2800 2198 na-

476 2247 639 2302 turae
662 2239 932 2305 Christus
966 2245 1109 2307 satis
1139 2244 1257 2307 sibi
1292 2247 1576 2307 conscius
1606 2250 1762 2316 erat3
1793 2245 2043 2315 etenim,
2075 2260 2210 2304 eam
2245 2244 2427 2315 scire,
2462 2241 2627 2304 idem
2660 2251 2794 2307 erat

476 2366 538 2411 ao
583 2348 804 2412 suimet
849 2351 1038 2431 ipsius
1096 2352 1414 2414 conscium
1461 2369 1622 2414 esse.
1681 2349 1882 2426 Quare
1930 2348 2199 2413 Christus
2245 2366 2367 2411 non
2405 2332 2641 2430 poterat
2668 2369 2795 2413 non
2899 2332 2900 2357 ¹

475 2458 661 2530 scire,
726 2456 967 2539 longam
1013 2457 1237 2522 dehere
1288 2478 1430 2522 esse
1477 2459 1790 2539 religionis
1838 2457 2201 2519 christianae
2247 2459 2312 2519 in
2370 2464 2531 2520 terra
2584 2467 2791 2521 nostra

474 2565 773 2627 historiam
812 2572 874 2628 et
911 2566 1337 2632 evolutionem.
1382 2568 1564 2630 Dicet
1596 2567 1846 2646 aliquis:
1895 2564 2100 2645 quidni
2135 2572 2374 2645 poterat
2409 2571 2792 2649 exspectare,

406 2749 411 2756 .
479 2673 604 2735 fere
651 2678 716 2734 ut
760 2674 822 2734 in
867 2674 1127 2737 futuram
1167 2674 1689 2755 immortalemque
1718 2676 1903 2738 vitam
1947 2674 2259 2755 religionis
2302 2681 2548 2737 nostrae
2594 2675 2795 2739 evolu-

473 2779 551 2842 tio
583 2780 804 2843 cadat?
845 2782 964 2844 Cur
992 2768 1377 2870 potissimum
1404 2784 1464 2845 in
1485 2784 1689 2845 nostra
1709 2785 1866 2845 terra
1892 2782 2050 2845 haec
2078 2784 2279 2845 omnia
2310 2790 2615 2856 eventura,
2647 2802 2791 2846 esse

478 2888 629 2949 scire
678 2887 982 2951 debebat?
1029 2890 1434 2971 Respondent
1483 2908 1591 2952 cur
1633 2892 1696 2952 in
1742 2891 1858 2953 hac
1903 2892 2288 2972 potissimum
2332 2898 2493 2954 terra
2519 2890 2791 2953 Christus

471 2995 869 3059 incarnandus
918 2997 1091 3060 erat?
1139 2997 1260 3059 Cur
1296 3016 1419 3060 non
1455 2999 1851 3060 solummori
1899 2997 2181 3071 debehat,
2231 2997 2341 3060 sed
2390 3001 2567 3060 etiam
2613 3001 2790 3062 nasci

475 3108 530 3163 et
572 3120 684 3183 per
729 3121 942 3166 omnes
988 3105 1207 3168 aetatis
1253 3105 1550 3167 humanae
1596 3103 1813 3184 gradus
1859 3104 2105 3167 meare?
2187 3104 2323 3167 Non
2373 3104 2516 3168 satis‘
2561 3105 2785 3180 hahuit,

356 3254 373 3262 -
471 3209 742 3271 hemines
789 3209 1110 3273 defunctos
1153 3210 1396 3274 visitare
1440 3209 1818 3293 penetrando
1864 3213 1927 3273 in
1964 3209 2202 3273 hadem.
2291 3209 2416 3274 Sed
2460 3213 2524 3274 in
2569 3219 2787 3275 terram

470 3324 729 3378 nostram
779 3319 981 3399 operis
1028 3317 1122 3379 sui
1171 3335 1471 3381 summam
1522 3317 1740 3381 cadere
1787 3319 2012 3395 voluit3
2065 3319 2236 3398 parta
2280 3318 2341 3379 in
2386 3319 2592 3381 nostra
2629 3321 2786 3382 terra

470 3422 695 3493 salute,
745 3426 1096 3504 perfunctus
1140 3427 1218 3489 ibi
1266 3425 1568 3489 laboribus
1616 3433 1679 3489 et
1721 3425 2107 3507 passionibus
2152 3428 2282 3488 suis
2328 3431 2647 3489 assecutus
2694 3437 2788 3490 est
2893 3445 2894 3484 ι

468 3536 827 3610 potestatem
864 3532 1028 3594 illam
1064 3517 1490 3606 universalem,
1538 3550 1716 3613 quam
1750 3531 1941 3615 pingit
1977 3531 2191 3593 Paulus
2237 3531 2387 3596 Phil.
2428 3532 2497 3604 11,
2546 3532 2778 3608 9-11,

472 3644 534 3700 et
579 3656 715 3700 cum
761 3641 825 3701 in
870 3641 1060 3723 ipsius
1104 3641 1364 3724 persona
1407 3658 1551 3703 vere
1595 3641 1859 3703 humana
1897 3641 2016 3703 vita
2063 3638 2262 3703 divina
2303 3658 2602 3714 crescere,
2641 3662 2778 3706 sese

472 3746 809 3829 expandere
872 3755 933 3810 et
993 3748 1325 3830 quamlibet
1387 3753 1653 3812 aetatem
1711 3749 2035 3812 humanam
2097 3746 2475 3812 sanctificare
2544 3749 2775 3834 dignata

473 3861 670 3928 esset,
739 3860 971 3916 certum
1016 3871 1162 3916 sane
1210 3854 1394 3917 debet
1451 3872 1621 3929 esse,
1686 3861 1908 3917 terram
1954 3860 2219 3916 nostram
2265 3874 2389 3918 non
2433 3857 2630 3918 solum
2676 3857 2775 3920 de·

469 3960 800 4022 versor-inm
846 3959 961 4023 sed
1007 3958 1253 4022 domum
1295 3960 1710 4043 templumque
1756 3961 1874 4024 Dei
1919 3959 2079 4033 fieri,
2128 3964 2354 4040 gratiae
2401 3962 2635 4027 divinae
2680 3964 2773 4029 de·
2889 4025 2890 4034 ,

472 4073 706 4129 cretum
750 4067 961 4131 fuisse.
1044 4067 1320 4131 Christus
1368 4088 1443 4131 eo
1494 4070 1752 4132 consilio
1796 4071 1983 4142 venit,
2030 4076 2098 4131 ut
2140 4076 2493 4134 terrestrem
2535 4074 2707 4135 vitam
2741 4091 2772 4135 a

468 4180 725 4255 peccato
760 4173 1094 4237 redemtam
1132 4191 1270 4237 cnm
1308 4175 1507 4239 divina
1544 4173 1957 4256 conjungeret,
2003 4180 2070 4237 ut
2105 4176 2345 4238 coelum
2376 4174 2772 4241 descenderet
2885 4151 2891 4214 Ι

470 4280 534 4344 in
580 4286 806 4344 terram
849 4289 1146 4357 nostram,
1212 4281 1548 4347 divinarum
1591 4281 1932 4347 divitiarum
1974 4290 2199 4348 testem
2252 4289 2432 4365 atque
2483 4284 2769 4350 theatrum
