2934 4797
1281 263 1366 332 53

159 449 372 513 Matth.
418 464 473 513 v.
523 447 629 514 27.
682 447 772 511 uti
831 463 1008 526 supra
1067 445 1361 520 vidimus,
1430 448 1654 510 Christi
1712 444 1941 509 reditus
2002 441 2484 525 quandocunque

160 559 421 629 eveniat,
472 553 654 618 simul
699 553 777 618 ad
820 560 1014 616 totum
1061 553 1291 625 orbem,
1338 555 1537 634 itaque
1573 553 1645 615 ad
1677 572 1889 615 omnes
1927 559 2142 633 gentes
2178 549 2480 629 pertinere

159 665 389 727 debere
438 661 689 734 dicitur;
736 660 996 742 denique
1042 659 1254 723 Matth.
1301 681 1358 725 v,
1410 660 1515 725 31.
1561 658 1682 724 Mc.
1730 659 1876 732 Xlll,
1927 659 2007 723 27
2059 657 2295 730 dicitur,
2342 650 2481 727 τοὺς

155 766 462 857 ἐκλεκτοὺς
523 760 1111 853 ἕπισυναχθὴσεσθαι
1163 767 1228 833 ἐκ
1278 775 1395 832 τῶν
1451 765 1764 851 τεσσάρων
1816 767 2044 846 ἀνέμων
2062 817 2079 843 ,
2143 765 2237 831 ἀπ’
2295 763 2484 846 ἄκρου

153 887 255 962 γῆς
303 879 417 951 ἕως
465 877 656 962 ἄκρου
703 878 996 959 οὐρανοῦ,
1042 874 1203 938 unde
1251 882 1517 956 apparet,
1566 874 1867 937 Christum
1914 873 2148 946 dicere,
2206 880 2482 952 tempore

152 985 373 1065 judicii
418 986 664 1046 extremi
712 984 1094 1065 evangelium
1138 982 1210 1044 ad
1258 984 1503 1045 ultimos
1549 989 1747 1044 terrae
1793 980 1948 1042 fines
2010 987 2072 1041 et
2131 979 2207 1042 ad
2266 997 2482 1040 omnes

157 1098 381 1174 gentes
433 1097 817 1172 penetrasse.
907 1089 1101 1152 Electi
1163 1089 1327 1150 enim
1387 1090 1634 1149 nonnisi
1684 1087 1769 1149 ihi
1832 1105 1972 1148 esse
2025 1093 2313 1166 possunt,
2378 1085 2483 1146 uhi

156 1206 304 1264 sunt
358 1199 545 1262 verbo
591 1196 809 1261 Christi
868 1194 1232 1277 credentes3
1299 1215 1483 1259 nemo
1544 1198 1706 1257 enim
1770 1196 1914 1271 citra
1969 1196 2216 1258 verbum
2263 1192 2483 1256 Christi

156 1309 363 1390 potest
408 1306 641 1368 electus
682 1323 849 1368 esse.
923 1303 1619 1376 Exhisomnihus‘satis
1649 1322 1948 1384 superque
1987 1306 2243 1384 apparet,
2283 1303 2483 1365 Chris-

156 1421 289 1477 tum
334 1412 586 1473 minime
634 1409 837 1487 dicere
883 1412 1178 1491 voluisse,
1228 1428 1366 1473 cum
1401 1411 1963 1491 'Hierosolymorum
2011 1409 2274 1482 excidio,
2323 1409 2483 1491 quod

158 1538 353 1604 prope
399 1519 619 1581 abesse
664 1516 908 1592 indicat,
955 1518 1038 1579 uti
1084 1519 1448 1597 interpretes
1496 1519 1735 1598 plurimi
1776 1525 1946 1580 recte
1992 1517 2226 1590 videre,
2275 1516 2482 1579 mundi

158 1625 345 1705 hujus
384 1624 572 1688 finem
615 1626 747 1688 fore
795 1624 1223 1705 conjunctum,
1291 1624 1404 1688 sed
1446 1626 1740 1698 innuere,
1805 1632 1942 1708 post
1987 1626 2155 1686 illum
2204 1634 2484 1689 eventum

160 1736 429 1819 spatium
480 1752 703 1798 novum
759 1734 1063 1796 ecclesiae
1121 1734 1485 1796 christianae
1538 1734 1687 1797 fore.
1769 1732 1969 1795 Innuit
2018 1751 2162 1796 vero
2218 1753 2338 1795 non
2387 1754 2483 1796 so·

160 1845 291 1906 lum
337 1844 538 1905 verbis
582 1843 702 1907 illis
749 1842 975 1915 multis,
1023 1859 1180 1922 quae
1230 1840 1306 1902 de
1353 1843 1639 1921 gentihus
1683 1841 1932 1921 reliquis
1975 1841 2120 1905 fecit
2160 1838 2302 1902 inde
2347 1860 2381 1902 a
2425 1861 2482 1904 v.

161 1952 250 2037 27
298 1950 458 2034 apud
483 1949 713 2024 Matth.;
759 1949 872 2011 sed
919 1968 1203 2029 expresse
1252 1948 1412 2029 apud
1430 1944 1666 2011 ‘Lucam
1710 1956 1848 2030 post
1873 1947 2164 2010 Judaismi
2201 1966 2484 2010 occasum

163 2078 307 2121 cum
375 2059 583 2138 templi
641 2057 1169 2138 Hierosolymitani
1228 2055 1499 2119 Palladio
1564 2062 1967 2119 memorantur
2020 2074 2251 2118 aeones
2308 2075 2484 2138 paga-

163 2185 401 2232 norum.
483 2166 646 2229 Dicit
681 2168 846 2227 enim
879 2183 935 2228 v.
965 2163 1076 2230 24:
1124 2165 1540 2245 Hierosolyma
1570 2165 2086 2227 conculcabuntur
2123 2183 2155 2226 a
2183 2166 2483 2245 gentibus,

165 2276 304 2361 ἄχρι
353 2279 720 2358 πληρωθῶσι
773 2273 964 2357 καιροὶ
1022 2271 1232 2336 ἐθνῶν.
1325 2269 1452 2332 Sed
1497 2270 1705 2334 Matth.
1744 2284 2013 2353 ‘quoque
2077 2270 2218 2332 satis
2280 2278 2483 2352 aperte

164 2386 285 2448 hoc
342 2382 600 2465 spatium
652 2380 873 2454 hahet,
938 2382 1099 2443 inter
1141 2377 1434 2442 Judaismi
1480 2397 1767 2442 occasum
1817 2387 1878 2442 et
1922 2379 2224 2462 parusiam
2272 2380 2489 2443 Christi

162 2492 606 2571 interpositum.
670 2490 893 2572 ⁴Supra
953 2489 1120 2551 enim
1191 2487 1485 2561 vidimus,
1548 2489 1883 2560 Christum,
1944 2493 2086 2571 post
2144 2477 2488 2551 nunciatam

167 2596 874 2678 stragemsJudaeorum,
933 2614 988 2658 V.
1039 2593 1146 2660 23.
1197 2601 1330 2675 sqq.
1378 2613 1499 2656 non
1550 2593 1790 2669 dicere:
1848 2602 1994 2657 tunc
2050 2595 2325 2675 vigilate,
2385 2596 2487 2657 illo

171 2712 335 2769 enim
372 2712 653 2783 tempore
685 2721 873 2784 prope
915 2702 1106 2765 aberit
1142 2702 1380 2782 perusia
1424 2720 1601 2773 mea;
1648 2700 1760 2762 sed
1795 2702 1878 2762 ita
1915 2702 2143 2781 pergit:
2191 2708 2318 2764 tum
2348 2722 2487 2784 quo-

170 2832 290 2895 que
337 2814 597 2876 caveatis
639 2811 845 2883 vobis,
895 2829 976 2873 ne
1010 2803 1250 2872 'reditus
1295 2812 1418 2872 mei
1461 2810 1791 2892 impatienti
1837 2791 2287 2892 exspectatione
2335 2812 2487 2873 ahri-
2557 2872 2566 2876 -

168 2921 423 3004 piamini
469 2918 544 2980 ad
590 2933 828 3008 errores
875 2924 937 2980 et
982 2915 1060 2979 ad
1106 2915 1511 2980 defectionem
1558 2936 1590 2978 a
1639 2915 1756 2978 fide
1806 2924 1867 2978 et
1911 2935 2137 2981 amore.
2226 2918 2489 2998 Surgent

173 3030 335 3093 enim
380 3027 514 3089 falsi
554 3025 778 3087 Christi
825 3030 887 3086 et
930 3024 1301 3104 Prophetae,
1351 3025 1448 3104 qui
1496 3023 1785 3086 Messiam
1824 3023 2044 3086 adesse
2084 3024 2320 3098 dicent3
2376 3025 2485 3086 sed

173 3138 363 3199 nolite
407 3137 481 3212 iis
526 3133 711 3195 fidem
746 3134 1007 3224 ‘hahere3
1055 3151 1172 3224 quo
1218 3131 1538 3195 manifeste
1586 3132 1846 3205 indicat,
1891 3132 2041 3194 illud
2069 3140 2308 3215 tempus
2335 3152 2485 3195 non-

165 3243 311 3306 dum
372 3242 487 3303 erit
540 3241 816 3323 parusiae
875 3257 1050 3302 meae
1113 3238 1222 3301 sed
1282 3238 1878 3322 pseudochristorum
1917 3219 1998 3301 ¹et
2057 3241 2481 3321 prophetarum

165 3350 370 3435 καιρός
414 3368 465 3412 v.
517 3345 604 3413 24
652 3348 729 3411 of.
775 3367 829 3412 v.
878 3344 943 3412 4.
989 3346 1050 3412 5.
1104 3347 1203 3411 11.

344 3456 469 3519 Sed
523 3457 575 3519 si
604 3461 716 3519 tot
765 3453 1112 3518 testimonia
1165 3454 1417 3527 adsunt,
1462 3456 1795 3535 *probantia
1844 3454 1954 3516 suh
2002 3460 2327 3518 extremam
2382 3474 2480 3517 se·

167 3567 386 3629 ctionis
412 3572 665 3648 partem,
712 3571 851 3647 post
884 3564 1285 3625 narrationem
1326 3581 1583 3626 occasus
1610 3563 2182 3644 Hierosolymorum,
2230 3563 2305 3625 de
2341 3563 2481 3626 Eth-

166 3675 325 3736 nicis
372 3671 671 3733 Christum
715 3671 918 3751 loqui,
965 3672 1211 3733 ubinam
1257 3671 1939 3751 habemus'geniculum
1989 3670 2195 3751 quasi,
2245 3689 2317 3733 ex
2363 3690 2481 3751 quo

170 3779 479 3843 articulata
527 3776 862 3839 Servatoris
909 3778 1096 3839 oratio
1142 3779 1331 3838 mittat
1374 3775 1672 3850 ludaeos,
1726 3775 2135 3857 progrediatur
2177 3777 2252 3839 ad
2294 3777 2477 3858 Paga·

168 3885 330 3949 nos?
377 3882 524 3946 Inde
572 3901 605 3944 a
650 3901 830 3946 versu
875 3881 1139 3948 23-28
1181 3883 1334 3965 apud
1361 3882 1565 3946 Matth.
1617 3883 1707 3967 (et
1749 3903 1803 3947 v.
1842 3884 1922 3948 21
1956 3884 2019 3949 ff.
2047 3882 2216 3966 Mei.)
2255 3903 2480 3946 moram

173 3991 420 4077 quidem
465 3990 724 4070 aliquam
770 3990 978 4064 hahes,
1026 4008 1146 4051 nee
1190 3997 1392 4052 tamen
1438 3992 1944 4055 continuationem
1987 3992 2299 4072 positivam
2334 3995 2480 4056 ima-

171 4104 332 4186 ginis
376 4097 700 4162 historicae
750 4115 860 4159 seu
895 4099 1301 4180 propheticae.
1374 4099 1548 4179 Apud
1576 4099 1802 4163 Lucam
1837 4118 1893 4164 v.
1930 4097 2016 4165 24
2046 4100 2266 4162 claram
2293 4100 2479 4165 habes

175 4218 239 4274 et
281 4189 662 4291 perspicuam
706 4206 985 4268 orationis
1035 4205 1377 4279 scissuram,
1427 4205 1569 4268 dicit
1616 4210 1777 4269 enim
1814 4213 1950 4287 post
1994 4205 2281 4270 «Iudaismi
2328 4218 2477 4272 tem-

172 4333 320 4399 pora
365 4323 685 4378 eventuros
742 4309 883 4387 τοὺς
936 4310 1174 4399 καιροὺς
1219 4312 1411 4378 ἐθνῶν
1455 4320 1519 4376 et
1560 4316 1728 4395 ipsos
1774 4316 1955 4378 certis
2008 4316 2280 4380 terminis
2334 4315 2479 4379 defi-
