2934 4797
1294 265 1379 335 69

162 451 396 511 retinet
438 466 707 521 sensum,
755 449 891 511 sine
936 449 1057 511 ulla
1102 449 1282 528 prava
1329 455 1454 513 arte
1504 453 1570 510 et
1604 445 1962 512 detortione.
2017 447 2288 510 Christus
2336 447 2499 510 enim
2593 506 2598 513 ,

161 554 313 618 inde
365 573 397 618 a
440 574 622 619 versu
667 554 877 622 Matth.
932 553 1013 620 15
1063 554 1138 617 de
1184 555 1480 619 Judaismi
1537 572 1762 617 occasu
1817 556 1998 617 verba
2050 555 2318 628 fecerat;
2371 554 2499 633 jam

160 682 226 725 v.
274 660 362 728 29
423 663 501 725 ad
544 660 898 726 Ethnieismi
956 661 1336 742 progreditur
1394 680 1718 737 occasum,
1786 669 1843 724 et
1896 670 2174 725 tenorem
2230 679 2498 744 sequens

156 789 220 831 v.
253 765 475 833 4-14
521 766 891 831 delineatum
937 769 1055 831 hoc
1103 768 1283 832 dicit:
1349 768 1644 831 Judaismi
1691 775 1955 848 stragem
2001 769 2261 849 excipiet
2294 773 2498 833 statim

157 875 528 938 Ethnicismi
555 875 852 948 interitus,
900 874 1002 956 qu'i
1037 890 1183 939 sane
1222 877 1445 956 etipse
1484 893 1605 936 non
1645 893 1764 939 uno
1795 875 2139 937 absolvetur
2166 885 2494 950 momento,

163 982 284 1046 sed
346 1000 459 1064 per
514 985 924 1048 ministrorum
987 983 1174 1047 Verbi
1236 985 1564 1065 passiones
1632 991 1695 1046 et
1737 979 1995 1073 m'ypayna
2056 983 2494 1063 progredietur.

158 1092 577 1155 Nihilosecius
624 1093 825 1156 statim
869 1098 1009 1174 post
1026 1091 1319 1156 Judaismi
1367 1109 1653 1154 occasum
1701 1091 1776 1153 ad
1825 1090 2235 1169 dejiciendum
2280 1092 2520 1154 Ethni-s

161 1201 430 1261 cismum
487 1199 700 1278 religio
762 1199 1097 1286 Christiana
1156 1199 1198 1265 i.
1254 1216 1312 1262 e.
1385 1198 1512 1261 Rex
1566 1197 1838 1260 Christus
1905 1205 1968 1259 et
2024 1198 2301 1261 Ecclesia
2369 1205 2493 1260 tota

161 1305 555 1378 convertitur,
604 1312 667 1368 et
712 1307 996 1379 continua
1041 1307 1215 1387 quasi
1261 1306 1500 1384 unaque
1561 1305 1807 1369 victoria
1846 1323 1981 1369 eam
2026 1323 2179 1385 opus
2223 1306 2341 1371 hoc
2389 1306 2493 1368 ab·

165 1414 431 1477 solvisse
475 1415 758 1499 viresque
788 1413 1124 1493 Paganismi
1171 1412 1450 1491 fregisse,
1497 1428 1654 1475 novo
1695 1431 1891 1494 eoque
1933 1413 2256 1477 christiano
2287 1431 2493 1476 rerum

165 1521 384 1584 ordine
421 1521 766 1585 introducto
828 1528 1078 1585 constat.
1170 1520 1301 1583 Nec
1356 1521 1496 1582 illae
1551 1519 1752 1582 solum
1796 1528 2033 1598 gentes,
2082 1539 2239 1602 quae
2286 1521 2497 1584 mundi

169 1627 402 1708 antiqui
452 1629 775 1708 imperium
835 1633 1161 1690 tenuerant
1218 1634 1283 1688 et
1339 1626 1633 1689 classicae
1691 1628 1889 1690 vocari
1951 1627 2179 1701 solent,
2249 1632 2495 1709 signum

165 1741 547 1816 agnoverunt
574 1735 797 1797 Christi
841 1736 902 1797 in
953 1735 1128 1797 coelo
1156 1736 1488 1813 regnantis,
1520 1734 1651 1796 ,sed
1676 1734 1978 1797 barbaries
2008 1753 2270 1817 quoque,
2310 1756 2493 1818 quam

164 1840 369 1905 Lucas
413 1862 468 1906 v.
518 1839 602 1907 25
652 1841 751 1903 cll.
807 1841 906 1906 10.
957 1849 1018 1904 et
1059 1840 1234 1904 Mtth.
1279 1860 1349 1904 v..
1385 1840 1442 1905 7.
1495 1840 1765 1904 indicare
1808 1840 2105 1915 videntur,
2153 1861 2377 1922 urgens
2418 1844 2497 1906 ad

158 1957 359 2013 terras
402 1949 541 2011 luce
591 1948 917 2012 christiana
960 1947 1285 2010 illustratas
1323 1964 1670 2026 quanquam
1714 1946 1922 2010 victrix
1956 1949 2218 2012 feliciter
2255 1951 2492 2021 arietis
2531 1936 2540 1943 “

160 2058 329 2121 victa
367 2062 481 2119 est.
2243 2129 2248 2135 ,

342 2158 791 2234 Confitendum,
821 2159 1124 2240 J‘udicium
1153 2157 1230 2222 de
1257 2154 1510 2222 Judaeis
1547 2161 1739 2224 latum
1774 2162 1957 2241 longe
1999 2163 2297 2228 funestius
2328 2184 2493 2231 esse.

160 2270 383 2336 Judaei
429 2274 593 2333 enim
645 2268 830 2332 modo
887 2268 1154 2332 violento
1208 2267 1567 2348 franguntur
1623 2277 1687 2332 et
1735 2268 1970 2348 judicio
2028 2279 2302 2348 externo,
2363 2295 2489 2338 non

159 2380 434 2443 interno:
495 2377 736 2442 Ethnici
788 2392 933 2441 vero
994 2377 1233 2439 interno
1287 2358 1530 2458 quoque
1578 2374 1810 2455 judicio
1866 2383 1988 2440 tam
2040 2378 2296 2445 feliciter
2351 2403 2489 2464 per-

163 2488 501 2572 cutiuntur,
558 2491 623 2549 ut
664 2483 1017 2570 longissime
1063 2490 1438 2547 antevertant
1477 2481 1752 2557 Judaeis,
1803 2485 1855 2546 si
1902 2487 2003 2567 qui
2047 2493 2185 2567 post
2227 2497 2491 2572 stragem
2555 2493 2562 2506 ’

158 2594 330 2657 illam
359 2584 720 2673 superstites
756 2597 895 2653 sunt
940 2588 1142 2652 futuri.
1216 2589 1430 2652 Judaei
1461 2590 1623 2652 enim
1654 2591 1768 2653 sibi
1807 2599 1982 2655 erunt
2016 2594 2214 2658 relicti
2243 2596 2486 2673 (Matth.

158 2701 362 2775 xxm,
410 2699 557 2777 39);
606 2718 681 2763 ex
722 2700 964 2762 illorum
1016 2700 1444 2766 communione
1490 2700 1747 2778 migrare
1787 2699 1954 2778 justo
1997 2708 2271 2783 tempore
2318 2704 2489 2767 Chri·
2539 2693 2548 2706 ”

156 2810 338 2872 stiani
392 2804 607 2879 XXIV,
660 2803 741 2870 16
794 2803 954 2883 jussi
1019 2812 1205 2866 erant.
1308 2804 1504 2885 Regni
1564 2805 1995 2884 hegemoniam
2062 2811 2138 2871 ab
2200 2811 2347 2892 ipsis
2412 2813 2489 2875 ad

155 2918 425 2996 Paganos
490 2932 839 2986 cessuram,
921 2912 1190 2975 Christus
1256 2912 1526 2977 edixerat
1584 2912 1795 2979 Matth.
1850 2913 2005 2987 ΧΧΙ,
2066 2915 2181 2990 43;
2247 2937 2391 2997 ergo
2453 2939 2488 2983 a

147 3024 464 3104 religionis
527 3022 893 3085 christianae
966 3021 1152 3101 gratia
1223 3017 1295 3081 ab
1371 3021 1522 3099 ipsis
1593 3022 1872 3100 repulsae
1957 3023 2187 3086 exclusi
2272 3034 2472 3096 erunt.

157 3132 296 3208 Quo
341 3130 715 3210 Paganorum
772 3128 1106 3209 principatu
1159 3124 1456 3205 judicium
1521 3125 1598 3189 de
1658 3127 1905 3190 Judaeis
1968 3129 2156 3193 latum
2229 3137 2482 3209 acuitur,

153 3239 529 3319 ludaeisque
575 3238 926 3318 postpositis
973 3235 1355 3315 sublimique,
1412 3254 1595 3317 quem
1639 3242 1976 3310 tenuerant,
2033 3240 2170 3303 loco
2219 3240 2482 3319 dejectis

154 3348 447 3427 perennis
501 3345 675 3427 qu'asi
727 3341 946 3407 infixus
1003 3351 1096 3406 est
1152 3344 1422 3406 aculeus.
1517 3342 1636 3418 Qui
1696 3345 1947 3407 aculeus
2000 3365 2149 3411 num
2198 3358 2480 3414 aeternus
2595 3333 2610 3352 ’

155 3452 290 3524 erit,
340 3459 403 3515 et
445 3459 689 3516 aeterna
736 3453 1037 3514 sententia
1082 3450 1471 3513 exclusoria?
1551 3448 1721 3525 Quae
1778 3455 2049 3533 quaestio
2103 3474 2227 3518 non
2282 3459 2482 3520 solum

158 3559 499 3641 primitivae
543 3559 892 3631 Ecclesiae,
947 3558 1063 3639 qua
1123 3563 1251 3620 erat
1306 3576 1444 3639 erga
1499 3556 1911 3622 Hebraeorum
1956 3578 2210 3641 proavos
2256 3566 2479 3645 pietate

154 3675 217 3733 et
259 3666 641 3747 gratitudine,
691 3685 835 3747 erga
882 3666 1169 3746 aequales
1216 3666 1633 3728 misericordia
1678 3666 1873 3749 (Rom.
1902 3667 1998 3740 IX,
2044 3669 2072 3733 1
2119 3668 2298 3752 sqq.),
2347 3691 2479 3752 gra-

151 3776 400 3840 vissima
446 3773 796 3849 videbatur;
857 3773 1073 3837 eadem
1116 3793 1239 3836 non
1287 3774 1485 3837 solum
1529 3776 1729 3853 magni
1767 3777 2056 3839 momenti
2105 3796 2245 3840 esse
2297 3779 2480 3846 debet

151 3888 400 3963 propter
418 3886 508 3943 tot
519 3879 951 3962 Prophetarum
975 3880 1172 3952 effata,
1198 3880 1484 3943 Judaicae
1520 3882 1738 3962 quippe
1758 3885 1924 3963 genti
1945 3884 2202 3947 salutem
2229 3885 2478 3954 finalem

148 3990 564 4061 vaticinantia,
633 3988 746 4051 sed
806 3989 1023 4052 eadem
1076 3988 1149 4050 ab
1203 3989 1334 4069 ipso
1393 3988 1630 4052 Christo
1676 3991 1985 4071 praeteriri
2040 4012 2163 4056 non
2215 4002 2471 4076 poterat,

154 4095 272 4157 nisi
325 4113 359 4158 a
411 4095 721 4177 principiis
789 4095 910 4157 illis
966 4114 1023 4161 v,
1085 4089 1305 4160 4—14
1358 4098 1685 4175 propositis
1748 4095 2089 4163 deficiebat.
2196 4101 2472 4168 Severia-

155 4205 375 4267 simum
431 4202 680 4285 quidem
727 4201 1030 4281 judicium
1084 4202 1262 4277 illud,
1324 4222 1442 4285 quo
1501 4205 1690 4269 veluti
1748 4203 2002 4267 fulmine
2064 4206 2265 4273 divino
2328 4215 2471 4277 tacti

157 4318 324 4385 sunt,
369 4318 685 4392 postquam
729 4310 990 4373 nationis
1035 4310 1207 4391 quasi
1253 4308 1500 4374 decreto
1548 4330 1689 4375 eum
1731 4310 2096 4393 rejecerant,
2145 4317 2322 4400 cujus
2366 4340 2468 4403 pa·
2547 4383 2552 4394 ,
