2934 4797
1577 260 1751 348 ,66

498 435 856 512 dicendum,
888 432 1209 519 *duplicem
1252 440 1326 503 iis
1374 457 1628 506 sensum
1673 444 1918 505 inesse:
1964 439 2077 504 sed
2121 438 2467 514 fatendum,
2511 439 2845 520 Evangelii

426 597 433 601 .
499 564 738 628 quoque
786 544 1127 610 efficaciam
1166 547 1511 631 Christique
1556 552 1818 632 primum
1864 548 2185 614 adventum
2231 550 2389 613 coeli
2433 550 2597 613 fores
2640 547 2844 609 nobis

495 653 846 727 reclusisse,
896 654 1205 735 antiquum
1249 656 1456 719 mundi
1501 664 1726 723 statum
1763 672 2208 738 conquassatae
2236 670 2580 738 novumque
2617 672 2844 717 rerum

498 762 777 827 ordinem
820 762 1225 825 introduxisse
1272 771 1335 828 et
1379 765 1828 837 introducere„
1876 765 2186 846 Evangelii
2233 765 2293 827 in
2341 762 2490 827 orbe
2524 769 2842 827 terrarum

494 874 849 951 propagatio
896 879 958 934 et
1001 873 1241 937 victoria
1285 892 1407 936 non
1454 893 1658 941 rerum
1704 874 1972 938 omnium
2019 873 2154 937 finis
2203 879 2328 947 est,
2375 871 2491 936 sed
2537 873 2843 953 signum

495 977 679 1060 idque
726 977 1058 1059 proximum
1100 980 1320 1059 plenae
1353 981 1572 1045 Christi
1620 982 2008 1055 revelationis
2055 979 2187 1063 (Le.
2224 999 2281 1047 v.
2317 978 2421 1047 28.
2453 978 2559 1045 30.
2605 977 2836 1059 Matth.

499 1085 604 1153 33.
647 1084 769 1165 Mc.
817 1086 970 1170 29.).
1062 1086 1187 1150 Sed
1234 1096 1298 1152 ut
1344 1092 1637 1170 signum
1665 1090 1792 1164 sit,
1841 1089 2202 1153 essedebet
2227 1096 2291 1154 et
2317 1090 2585 1161 evenire,
2622 1087 2835 1167 prim·

499 1213 676 1277 quam
723 1195 981 1257 eveniat.
1004 1194 1173 1267 illud,
1196 1195 1385 1277 ‘quod
1431 1204 1526 1260 est
1571 1199 1892 1277 signatum.
1946 1198 2025 1261 At
2067 1199 2124 1261 si
2166 1212 2369 1263 rerum
2417 1202 2835 1259 extremarum

495 1303 837 1368 vaticinium
901 1303 1071 1384 quasi
1124 1305 1380 1369 alterum
1435 1324 1687 1369 sensum
1741 1306 1941 1383 verbis
2001 1304 2107 1369 Lc.
2153 1302 2237 1370 25
2295 1322 2387 1386 sq.
2450 1302 2664 1367 Matth.
2736 1300 2832 1368 29

497 1410 804 1485 indideris,
845 1409 971 1490 jam
1017 1430 1135 1474 non
1183 1413 1434 1476 habebis
1483 1416 1740 1493 signum,
1790 1415 1905 1479 sed
1935 1415 2031 1476 rei
2067 1411 2441 1495 significatae
2467 1411 2830 1493 praesentia

499 1524 735 1602 signum
779 1522 1105 1586 vaticinans
1151 1541 1334 1585 omne
1381 1526 1795 1605 exstinguetur
1839 1531 1904 1586 et
1949 1500 2390 1589 absorbebitur.
2441 1520 2661 1596 Quare
2712 1520 2827 1581 uni

497 1631 881 1715 verborum
927 1631 1143 1693 sensui
1182 1631 1280 1693 hic
1331 1646 1570 1711 quoque
1627 1629 2109 1702 adhaerendum,
2171 1642 2511 1710 quanquam
2563 1625 2666 1689 re's
2728 1626 2831 1687 his

497 1737 700 1800 verbis
736 1735 997 1798 indicata
1025 1752 1233 1797 rursus
1261 1737 1615 1799 vaticinatur
1644 1736 1762 1799 alia
1791 1754 1987 1817 eaque
2013 1736 2224 1799 ultima
2242 1734 2343 1818 (ci.
2360 1733 2566 1798 Manli.
2586 1752 2640 1798 v.
2665 1728 2826 1813 14).

670 1843 1031 1924 Quanquam
1074 1861 1218 1906 vero
1264 1861 1354 1917 ea,
1401 1862 1555 1925 quae
1603 1861 1782 1924 supra
1829 1851 1972 1907 sunt
2016 1841 2338 1924 disputata,
2394 1841 2598 1906 forsan
2642 1838 2825 1903 suffi-

506 1955 669 2015 cient
733 1954 824 2025 ei,
892 1952 994 2031 qui
1052 1952 1116 2013 in
1175 1969 1241 2014 re
1305 1959 1427 2015 tam
1493 1951 1726 2015 difficili
1778 1950 2366 2017 verisimilitudinem
2410 1949 2652 2032 quoque
2700 1966 2831 2010 non

503 2057 939 2141 aspernandam
966 2063 1168 2138 putat,
1214 2070 1430 2138 magna
1472 2065 1680 2122 tamen
1709 2038 2095 2140 explicationi
2123 2066 2365 2121 nostrae
2397 2055 2647 2120 firmitas
2675 2053 2831 2116 inde

503 2166 651 2228 mihi
695 2163 833 2226 addi
862 2162 1135 2253 ridetur,
1184 2164 1364 2245 quod,
1410 2167 1832 2229 si-accuratius
1866 2166 2218 2245 inspexeris,
2265 2163 2544 2227 delectus
2580 2178 2832 2243 quoque

503 2273 825 2339 verborum
853 2269 1064 2335 Matth.
1098 2270 1182 2341 29
1213 2278 1275 2334 et
1297 2273 1520 2353 parali„
1559 2274 1792 2336 mentio
1813 2272 1979 2346 solis,
2019 2272 2216 2345 lunae,
2263 2270 2574 2335 stellarum
2618 2276 2684 2332 et
2727 2269 2832 2333 fir·

506 2382 795 2447 mamenti
852 2382 1005 2444 mire
1054 2380 1349 2461 quadrare
1394 2381 1632 2447 videtur
1674 2370 1790 2456 ita,
1855 2388 1923 2446 ut
1965 2383 2271 2475 proximus
2317 2396 2559 2463 quoque
2607 2378 2832 2442 borum

503 2494 821 2557 verborum
863 2508 1087 2554 sensus
1131 2509 1253 2554 non
1302 2492 1381 2554 sit
1425 2490 1824 2569 abjiciendus,
1871 2490 1987 2554 sed
2027 2493 2117 2555 vis
2154 2490 2353 2554 nativa
2379 2490 2647 2570 ipserum
2673 2506 2831 2570 quo-

507 2598 824 2663 dammodo
882 2606 1140 2663 maneat.
1229 2597 1372 2661 Post
1413 2597 1704 2662 Iudaismi
1763 2577 2025 2679 stragem
2069 2596 2359 2679 grandem
2402 2599 2534 2662 fore
2580 2604 2643 2661 et
2688 2598 2832 2658 uni·
2895 2605 2896 2630 *

503 2709 799 2775 versalem
842 2724 1047 2769 rerum
1092 2707 1623 2769 commutationem
1666 2707 2024 2796 reperimus,
2061 2724 2275 2769 rerum
2309 2719 2675 2787 paganarum
2705 2705 2830 2768 sci-

504 2818 650 2879 licet
692 2832 939 2877 occasu.
1028 2813 1159 2876 Iam
1204 2831 1348 2878 vero
1396 2801 1662 2887 con'stat,
1708 2831 1977 2895 paganos
2025 2812 2299 2877 addictos
2355 2814 2547 2878 fuisse
2587 2810 2831 2875 deifica·

504 2927 656 2988 tioni
712 2931 775 2988 et
826 2923 1157 2987 adorationi
1217 2924 1477 2987 Naturae
1540 2921 1798 3003 ejusque
1855 2924 2169 2998 virtutum,
2235 2926 2591 3005 praesertim
2653 2923 2828 2995 solis,
2893 2923 2894 2952 *

502 3031 707 3105 lunae,
753 3033 1082 3103 stellarum,
1129 3031 1213 3092 ita
1257 3036 1325 3092 ut
1366 3030 1582 3094 horum
1629 3030 1827 3093 cultus
1872 3030 2213 3111 Paganismi
2258 3032 2434 3112 quasi
2477 3023 2629 3116 ἀρ’χὴ
2671 3031 2716 3093 i.
2768 3049 2825 3093 e.
2891 3097 2892 3110 χ

508 3158 742 3202 summa
788 3146 854 3202 et
896 3140 1063 3219 origo
1107 3134 1451 3219 dicaturv).
1540 3137 1893 3218 Religiones
1947 3137 2226 3202 ethnicae
2270 3140 2534 3203 Naturae
2581 3138 2827 3202 charac-

505 3252 701 3308 terem
743 3246 1047 3308 referunt:
1093 3244 1382 3308 Naturam
1421 3261 1629 3318 rerum
1674 3243 1902 3306 habent
1943 3242 2237 3324 Reginam
2272 3246 2334 3307 in
2363 3244 2622 3308 coelesti
2648 3249 2825 3328 quasi

508 3352 660 3416 solio
708 3353 1052 3418 sedentem.
1146 3350 1344 3427 Quare
1383 3351 1687 3438 quomodo
1712 3350 2065 3415 Ethnicismi
2110 3369 2354 3433 quoque
2386 3371 2642 3418 occasus
2687 3361 2826 3436 post

506 3457 797 3522 ‹ludaismi
844 3457 1081 3522 cladem
1125 3476 1158 3521 a
1202 3457 1559 3540 prophetico
1607 3475 1713 3521 ore
1754 3456 2014 3522 vividius
2057 3460 2380 3540 veriusque
2424 3467 2658 3540 poterat
2719 3461 2823 3525 de·

509 3569 711 3641 scribi,
761 3584 940 3647 quam
982 3566 1083 3627 his
1122 3565 1351 3629 verbis:
1398 3563 1508 3630 Sol
1541 3562 1959 3628 obscurabitur
1993 3571 2054 3628 et
2080 3563 2249 3630 Luna
2274 3583 2397 3628 non
2427 3563 2592 3630 dabit
2615 3567 2823 3631 lumen

511 3691 706 3746 suum,
753 3690 975 3753 nempe
1021 3689 1165 3752 prae
1200 3670 1508 3749 Evangelii
1552 3669 1691 3732 luce
1731 3667 1932 3734 divina
1979 3679 2042 3735 et
2084 3689 2225 3735 vere
2271 3671 2559 3736 coelesti:
2607 3675 2823 3740 stellae

510 3788 713 3844 autem
768 3777 845 3840 de
902 3776 1073 3848 sede,
1111 3775 1352 3839 sublimi
1408 3782 1471 3838 et
1516 3774 1711 3838 divina
1751 3774 2117 3854 dejicientur
2136 3776 2180 3838 ⁴2„
2226 3777 2476 3842 Constat
2519 3779 2718 3843 solem
2764 3787 2824 3843 et

510 3895 663 3951 astra
714 3903 1050 3965 omnesque
1111 3884 1298 3946 totius
1353 3880 1561 3947 mundi
1615 3882 1868 3948 virtutes
1912 3885 2149 3966 magica
2196 3887 2372 3967 quasi
2414 3887 2475 3950 vi
2520 3893 2580 3951 et
2624 3888 2822 3952 innau-
2887 3895 2888 3910 ¹

512 3995 732 4059 tatione
792 3992 1047 4057 mirabili
1101 4007 1291 4072 genus
1349 3998 1622 4054 nostrum
1675 3989 1959 4070 affecisse
2023 3998 2086 4054 et
2128 3991 2413 4067 afficere,
2477 3995 2822 4077 priusquam

512 4087 799 4166 coelestis
848 4108 910 4166 et
953 4099 1277 4181 spiritualis
1322 4096 1479 4161 lucis
1525 4097 1759 4179 fulgore
1806 4117 1983 4162 mens
2028 4098 2290 4164 hominis
2334 4100 2469 4183 ipsa
2505 4100 2820 4168 lucescere

658 4244 751 4309 27)
788 4242 854 4295 cf.
888 4240 1149 4306 Origenes
1186 4241 1249 4293 de
1282 4239 1336 4292 la
1368 4238 1481 4293 Rue
1515 4240 1605 4309 IV,
1641 4239 1762 4293 226.
1799 4239 1920 4294 22⁸7.
1959 4268 2022 4284 -
2059 4239 2211 4295 Dent.
2236 4239 2327 4310 IV,
2369 4240 2451 4295 19.
2486 4240 2652 4315 xvn,
2678 4242 2821 4320 β..-

508 4332 702 4387 Jerem.
739 4330 884 4398 vm,
923 4327 972 4382 3.
