2934 4797
1261 285 1348 355 49

109 467 369 527 tionem
397 465 770 546 spiritualem
797 464 874 527 ad
903 465 1381 547 eschatologiam
1407 466 1821 546 pertinentem
1847 464 2109 528 indicat:
2146 485 2201 530 v.
2237 463 2320 531 14
2345 485 2471 530 non

109 574 334 634 minus
379 572 542 635 clare
587 591 737 653 opus
789 573 1204 654 evangelii
1248 572 1639 648 historicum3
1667 592 1724 637 v.
1766 569 1846 638 14
1882 575 2045 635 enim
2073 576 2470 639 memorabile

111 679 283 741 illud
330 683 559 743 axioma
605 682 997 760 pronunciat:
1045 681 1142 745 καὶ
1189 677 1623 765 κηρυχθήσεται
1667 689 1846 745 τοῦτο
1892 677 1962 746 τὸ
2009 682 2326 765 ἐυαγγέλιον
2369 691 2472 765 τῆς

111 784 440 867 βασιλείας
486 789 547 853 ἐν
588 786 730 870 ’ὅλῃ
775 795 860 871 τῇ
908 788 1349 871 οἷ’κουμένῃ
1395 790 1480 862 εἰς
1525 784 1847 872 μαρτὺριοφ
1890 797 2036 853 πᾶσι
2070 800 2198 862 τοῖς
2238 793 2470 868 &aveo-⁴3

110 895 258 959 καὶ
306 891 494 959 τότε
536 891 711 976 ἥξει
756 890 843 958 τὸ
890 895 1126 968 τέλος
1178 892 1391 977 (Marc.
1429 914 1485 957 V.
1526 894 1655 977 10.)
1698 895 1885 956 finem
1915 898 2118 975 operis
2154 897 2474 976 Evangelii

113 1001 472 1062 clarissime
511 1018 885 1081 proponens.
958 999 1042 1066 Τὸ
1080 1003 1250 1075 τέλος
1292 1002 1417 1066 κατ’
1445 1003 1525 1078 ἐξ.
1563 1005 1604 1063 i.
1640 1021 1697 1067 e.
1729 1002 1869 1065 finis
1901 1003 2109 1065 mundi
2149 1002 2228 1086 (v.
2268 1001 2469 1085 supra)

112 1126 273 1171 cum
303 1111 543 1187 parusia
572 1110 792 1171 Christi
819 1109 1055 1172 futurus
1086 1111 1338 1171 omnino
1376 1128 1501 1171 non
1525 1117 1731 1189 potest
1771 1111 2074 1190 ingruere,
2123 1112 2470 1191 priusquam

108 1218 190 1276 in
230 1217 518 1278 universo
548 1218 694 1279 orbe
724 1224 1018 1280 terrarum
1049 1217 1427 1296 evangelium
1457 1217 1876 1297 praedicatum
1902 1218 2099 1281 fuerit.
2172 1219 2264 1281 De
2296 1219 2469 1298 cujus

112 1324 451 1386 axiomatis
496 1326 869 1394 necessitate
918 1342 1096 1405 supra
1143 1323 1569 1387 disseruimus.
1643 1325 1846 1406 ltaque
1878 1326 1980 1386 hic
2010 1343 2221 1388 versus
2253 1333 2315 1386 et
2349 1345 2469 1388 ne·

113 1451 158 1512 g
184 1435 397 1496 ative
459 1433 726 1497 indicat:
792 1434 980 1496 nolite
1036 1435 1336 1514 parusiam
1399 1452 1605 1497 meam
1669 1442 2055 1515 exspectare,
2122 1435 2470 1515 priusquam

110 1538 523 1621 Evangelium
565 1539 789 1619 ubique
833 1546 1130 1602 terrarum
1177 1556 1395 1601 munus
1435 1557 1614 1600 snum
1651 1539 1797 1603 obiit
1817 1520 2023 1619 (Marc.
2044 1541 2140 1604 καὶ
2168 1542 2252 1613 εἰς
2281 1537 2471 1603 πάντα

114 1644 207 1711 τὰ
254 1651 402 1729 εἶθ-γη
446 1653 539 1710 δεῖ
572 1653 810 1728 πρῶτον
837 1653 1192 1730 κηρυχθῆναι
1218 1642 1289 1710 τὸ
1323 1645 1693 1728 ἆυαγγέλιον);
1748 1653 1810 1708 et
1852 1647 2235 1725 positive,
2286 1664 2471 1727 quum
2525 1684 2532 1697 ·

117 1754 514 1834 evangelium
559 1755 731 1836 regni
786 1756 907 1816 mei
957 1755 1020 1815 in
1068 1760 1196 1817 toto
1245 1753 1393 1818 orbe
1436 1754 1719 1817 omnihus
1766 1754 2046 1833 gentihus
2092 1757 2472 1835 propositum

110 1864 313 1925 fuerit
353 1862 470 1933 ita,
519 1870 586 1924 ut
630 1862 815 1923 crisin
853 1868 955 1924 aut
979 1863 1135 1924 vitae
1177 1867 1280 1923 aut
1306 1863 1496 1922 moris
1527 1861 1807 1935 adducat,
1858 1859 1993 1944 (εἰς
2038 1857 2472 1944 μαρτύριον

115 1979 274 2035 πᾶσι
319 1978 449 2042 τοῖς
495 1968 719 2051 ἔθνεσι)
764 1975 895 2031 tum
936 1971 1150 2032 veniet
1193 1968 1333 2030 fini's
1381 2005 1464 2016 -
1512 1970 1609 2033 καὶ
1655 1966 1791 2033 τότε
1817 1967 1960 2050 ’ἥξει
1991 1965 2073 2039 ,τὸ
2120 1969 2310 2058 1μέλος.

307 2076 609 2140 Videmus
652 2085 875 2149 autem,
924 2077 1151 2138 claram
1197 2076 1356 2137 hanc
1406 2076 1740 2138 doctrinam
1786 2095 1909 2138 non
1958 2095 2100 2138 esse
2148 2077 2468 2138 chronolo-

116 2186 345 2266 gicam,
394 2182 507 2245 sed
541 2185 902 2264 praesertim
938 2180 1427 2256 admonitricem;
1465 2200 1538 2244 ac
1576 2183 1628 2244 si
1672 2181 1956 2245 dixisset:
2002 2183 2120 2244 hoc
2161 2190 2259 2245 est
2291 2203 2462 2264 opus,

8 2320 9 2325 ¹
118 2292 456 2372 Evangelio
495 2310 604 2371 pro
630 2291 838 2355 indole
888 2309 998 2353 sua
1046 2297 1108 2353 et
1150 2298 1357 2353 natura
1396 2289 1677 2368 judiciali
1727 2296 1790 2351 et
1834 2291 2059 2372 gratiae
2107 2290 2287 2370 plena
2333 2310 2470 2371 per-

125 2397 532 2473 solvendum,
583 2398 755 2478 cujus
803 2400 1008 2478 operis
1053 2417 1160 2462 vos
1192 2397 1519 2460 Christiani
1567 2396 1808 2461 debetis
1856 2416 2076 2477 organa
2106 2416 2266 2462 esse.
2315 2401 2470 2479 Ergo

134 2506 333 2566 nolite
383 2504 627 2567 otiosae·
661 2523 769 2568 vos
819 2504 961 2566 dare
1009 2505 1179 2584 spei,
1229 2503 1342 2580 sed
1387 2505 1577 2566 labori
1625 2512 1685 2567 et
1730 2505 2073 2585 patientiae.
2121 2541 2205 2554 —
2252 2506 2472 2569 Nihilo·
2576 2497 2582 2506 ’

127 2615 340 2676 secius
399 2613 578 2675 facile
643 2621 737 2675 est
798 2614 1151 2684 intellectu,
1215 2613 1334 2674 hoc
1380 2614 1672 2675 axiomate
1723 2631 1796 2674 ex
1840 2614 2125 2676 interiore
2174 2614 2471 2694 evangelii

128 2728 351 2783 natura
413 2719 732 2800 depromto
790 2719 866 2782 de
912 2726 1202 2799 ,tempore
1267 2736 1508 2801 quoque
1570 2722 1852 2800 perusiae
1913 2720 2188 2781 nonnihil
2249 2723 2470 2783 statui:

131 2829 375 2891 scilicet
432 2847 556 2890 non
601 2830 806 2892 statim
844 2846 979 2891 eam
1029 2828 1534 2908 exspectandam,
1586 2829 1684 2890 cui
1729 2828 1907 2907 plane
1957 2834 2255 2890 consonat
2298 2826 2466 2901 illud,

131 2935 298 3017 quod
346 2935 624 2998 Christus
671 2937 733 2997 in
780 2937 1052 2999 sectione
1098 2941 1307 2998 nostra
1351 2938 1537 2998 toties
1583 2935 1646 2997 in
1696 2953 1771 2996 eo
1816 2942 1928 3008 est,
1975 2943 2040 2997 ut
2066 2938 2469 3015 procrastinet

131 3043 651 3123 exspectationem
676 3044 990 3124 parusiae,
1038 3060 1118 3103 ne
1156 3043 1276 3103 una
1308 3040 1554 3121 quidem
1582 3041 1798 3129 vocula
1825 3040 2033 3105 fulciat
2059 3060 2232 3122 spem
2261 3042 2468 3105 brevi

127 3151 338 3230 ipsum
384 3147 740 3212 rediturum.
831 3148 1241 3211 Procrastinat
1285 3143 1598 3221 docendo,
1666 3147 1829 3228 quod
1888 3166 2077 3228 saepe
2140 3148 2281 3211 alibi
2329 3166 2471 3210 eum

133 3255 425 3317 docuisse
473 3272 658 3336 supra
702 3253 981 3328 vidimuS,
1025 3253 1337 3333 Evangelii
1382 3261 1655 3316 naturam
1693 3272 1828 3317 eam
1858 3273 2019 3327 esse,
2066 3261 2132 3316 ut
2170 3263 2465 3330 secernat,

133 3363 379 3425 dirimat
423 3361 663 3433 odium,
721 3362 952 3425 bellum
996 3368 1266 3435 moveat,
1327 3364 1570 3444 peccati
1614 3380 1870 3443 regnum
1912 3341 2163 3424 fulmine
2210 3381 2321 3425 suo
2370 3383 2468 3427 ex-

133 3470 286 3531 citet
330 3474 393 3531 et
435 3470 745 3550 percellat,
795 3468 1122 3551 spiritualis
1163 3467 1390 3547 judicis
1437 3483 1691 3531 munere
1731 3470 2005 3553 fungatur
2051 3478 2114 3532 et
2158 3469 2235 3532 ad
2282 3474 2469 3534 crisin

132 3578 340 3638 omnia
388 3575 488 3659 (cf.
527 3576 777 3639 Lutheri
822 3595 964 3658 opp.
1004 3575 1085 3647 ‘X,
1139 3571 1327 3641 1602.
1375 3574 1576 3647 XVIII,
1629 3575 1849 3659 2103.)
1896 3576 2188 3658 perducat
2232 3577 2466 3661 (Matth.

131 3706 192 3750 v.
232 3684 290 3751 6.
335 3686 395 3750 7.
445 3686 543 3751 10.
594 3686 713 3749 Mc.
743 3685 892 3759 xm,
947 3683 1047 3749 13.
1098 3682 1242 3746 Luc.
1273 3704 1328 3748 ν.
1383 3685 1484 3749 12.
1539 3682 1640 3750 16.
1694 3684 1830 3768 17);
1880 3705 2033 3767 quae
2081 3689 2281 3749 omnia
2328 3705 2468 3752 cum

136 3812 173 3856 a
218 3795 469 3855 minutis
515 3795 870 3875 incipientia
915 3793 1098 3871 longe
1145 3792 1390 3873 lateque
1436 3802 1647 3875 patere
1699 3792 1994 3867 debeant,
2043 3796 2283 3857 nonnisi
2330 3815 2468 3877 pro-

136 3920 355 3981 gressu
400 3902 566 3964 lento
615 3903 857 3964 evenire
905 3885 1181 3981 possunt.
1276 3900 1467 3962 Sicuti
1516 3919 1660 3962 vero
1707 3920 1887 3984 supra
1932 3901 2231 3974 vidimuS,
2278 3903 2468 3966 Evan-

140 4010 395 4089 gelium,
443 4015 512 4072 ut
549 4016 610 4072 et
629 4008 929 4088 judicium
968 4009 1273 4072 internum
1305 4024 1592 4070 exercere
1614 4054 1630 4080 ,
1680 4015 2080 4086 etfexternum
2108 4027 2468 4092 praeparare

138 4119 348 4201 possit,
396 4117 611 4179 humili
650 4117 860 4179 habitu
899 4133 1146 4177 manere
1181 4113 1432 4195 debere,
1467 4118 1549 4195 ita
1578 4122 1783 4178 nostro
1814 4131 2056 4197 quoque
2100 4116 2240 4179 loco
2290 4117 2471 4182 docet

143 4224 272 4308 (Lc.
326 4222 603 4290 12—18.
650 4221 774 4286 Mc.
821 4220 1096 4298 9-11)‚
1148 4220 1619 4282 Christianorum
1668 4221 1855 4283 decus
1903 4240 2045 4285 esse
2093 4242 2214 4287 non
2260 4228 2469 4288 trium-

144 4332 351 4415 phare,
400 4330 511 4395 sed
554 4329 814 4394 militare
842 4338 1024 4412 atque
1065 4330 1204 4411 pati.
1279 4328 1353 4391 Et
1379 4330 1461 4392 ita
1491 4345 1729 4409 quoque
1769 4345 1944 4409 spem
1972 4333 2249 4488 pgrusiae
2277 4349 2469 4414 prope
