2934 4797
1573 262 1661 331 20

454 462 618 520 ματα
660 440 986 520 petiturum
1034 446 1215 522 atque
1260 441 1577 505 feriturum
1621 461 1731 523 pro
1781 447 1946 504 certo
1994 440 2265 503 statuatis
2315 438 2392 522 (v.
2423 437 2557 522 28).
2606 438 2812 500 Cete-

458 566 592 610 rum
638 550 840 609 statim
884 556 1021 631 post
1069 567 1360 629 angorem
1405 550 1649 611 illorum
1696 550 1937 612 dierum
1984 549 2079 613 sol
2125 547 2619 611 obtenebrabitur
2663 553 2808 608 etc.

458 673 513 717 v.
562 652 646 720 29
694 661 757 717 et
798 658 1035 736 parusia
1081 657 1287 719 ultima
1332 659 1592 738 ingruet.
1685 657 1922 731 Viden',
1980 659 2061 720 ita
2106 675 2352 719 versum
2412 653 2496 722 29
2551 654 2814 715 nullum

460 764 703 824 omnino
761 781 1009 826 sensum
1064 765 1395 845 praebere,
1462 781 1871 847 magnumque
1928 766 2154 828 hiatum
2208 767 2369 826 inter
2412 781 2654 828 versum
2701 759 2812 826 28

460 877 521 931 et
549 868 634 935 29
682 871 920 935 obvium
964 872 1280 935 futurum?
1326 873 1570 936 Etenim
1616 874 1828 955 liquet,
1876 872 2057 936 verba
2102 868 2252 953 μετὰ
2298 868 2399 953 τὴν
2431 871 2644 953 θλίψιν
2669 875 2810 933 τῶν

456 972 689 1059 ἡμερῶν
746 978 974 1043 ἐκείνων
1034 986 1334 1041 certum
1392 981 1656 1061 aliquem
1714 980 1775 1042 et
1818 998 2050 1043 unum
2111 985 2394 1042 eventum
2454 978 2805 1056 respicere,

460 1100 643 1163 quem
688 1087 888 1147 statim
935 1087 1378 1166 subsequantur
1423 1086 1544 1160 illa,
1594 1104 1752 1168 quae
1798 1105 1854 1150 v.
1900 1085 1986 1152 29
2035 1085 2278 1150 indicat.
2369 1082 2634 1159 Quodsi,
2695 1083 2808 1142 uti

457 1188 561 1251 illa
608 1191 1020 1271 interpretatio
1066 1194 1229 1267 vult,
1277 1212 1399 1254 non
1450 1193 1527 1254 de
1574 1201 1966 1257 unoeventu
2013 1192 2206 1274 agitur
2248 1212 2305 1256 v.
2355 1191 2460 1257 27.
2510 1185 2629 1264 28,1
2672 1188 2842 1259 sed.

457 1294 533 1358 de
582 1297 723 1376 lege
772 1298 973 1379 aliqua
1019 1301 1219 1362 omnia
1265 1299 1473 1361 secula
1532 1284 1661 1381 pari
1714 1299 1897 1362 modo
1946 1302 2118 1382 quasi
2163 1304 2537 1379 permeante,
2583 1295 2801 1359 verbis

452 1403 685 1477 εὐθέως
757 1404 820 1468 δὲ
888 1402 1040 1485 μετὰ
1106 1402 1205 1487 τὴν
1270 1408 1483 1490 θλίψιν
1551 1414 1668 1472 τῶν
1732 1405 1966 1490 ἡμερῶν
2034 1407 2265 1471 ἐκείνων
2332 1404 2536 1466 nullus
2603 1404 2800 1483 plane

456 1526 678 1571 sensus
739 1510 959 1584 inerit,
1024 1511 1351 1593 nullusque
1407 1513 1586 1592 plane
1633 1514 1805 1576 locus
1855 1512 2027 1575 datus
2077 1515 2193 1575 erit
2237 1511 2558 1574 historicus
2605 1517 2798 1591 atque

456 1626 687 1689 certus,
737 1636 854 1698 quo
902 1620 1259 1682 insistentes
1304 1620 1596 1694 sciamus,
1644 1621 1827 1702 paulo
1871 1628 2011 1704 post
2056 1620 2311 1703 (εὐθέως
2355 1617 2444 1702 δὲ)
2493 1625 2796 1695 eventura

454 1742 596 1786 esse
643 1725 766 1798 illa,
816 1744 969 1807 quae
1016 1745 1069 1789 v.
1119 1725 1204 1792 29
1254 1725 1451 1791 docet.

630 1829 831 1907 Quare
889 1833 1288 1913 praeferenda
1349 1832 1595 1897 videtur·
1652 1852 1861 1896 eorum
1922 1833 2309 1912 conjectura,
2379 1833 2480 1914 qui
2525 1831 2794 1904 ulterius

453 1938 872 2020 regredientes
920 1957 1097 2001 versu
1143 1937 1230 2003 22
1277 1945 1379 2001 aut
1425 1939 1511 2004 23
1553 1939 1853 2018 judicium
1884 1939 1960 2002 de
1990 1939 2428 2019 Hierosolymis
2455 1937 2791 1999 ferendum

458 2047 800 2109 absolutum
856 2052 1096 2125 putant,
1165 2045 1386 2108 deinde
1441 2066 1534 2109 vv.
1580 2045 1666 2112 23
1713 2054 1816 2109 aut
1872 2042 1958 2112 24
2015 2065 2148 2128 sqq.
2208 2045 2462 2127 procedi
2508 2044 2582 2107 ad
2626 2053 2790 2108 tem-

451 2171 565 2235 pus
617 2152 1082 2226 intermedium,
1149 2154 1314 2214 urhis
1360 2152 1650 2215 Judaieae
1713 2154 2015 2217 excidium
2076 2171 2379 2234 sequens,
2447 2151 2612 2213 diem
2677 2171 2789 2215 ex-

451 2268 713 2323 tremum
748 2280 892 2324 vero
928 2259 1330 2323 antecedens.
1376 2259 1986 2333 Kistemakerus.
2022 2263 2225 2341 itaque
2267 2268 2338 2324 et
2380 2258 2787 2324 Ebrardus
2821 2314 2831 2325 .
2913 2340 2914 2345 ἵ

453 2369 517 2430 in
562 2367 657 2429 his
701 2366 976 2431 versibus
1024 2362 1282 2433 24-26
1330 2373 1434 2430 aut
1480 2365 1740 2434 23-26
1788 2373 2021 2431 certum
2068 2366 2315 2449 aliquod
2341 2364 2571 2430 factum
2595 2384 2786 2449 quae-

451 2481 591 2538 runt
633 2472 816 2554 idque
860 2475 1002 2547 tale,
1050 2480 1118 2535 ut
1160 2475 1340 2536 verba
1374 2491 1430 2536 v.
1461 2472 1547 2540 29
1595 2473 1826 2547 εὐθέως
1871 2474 1934 2538 δὲ
1980 2468 2131 2554 μετὰ
2173 2469 2275 2552 τὴν
2305 2474 2521 2556 θλιψιν
2563 2482 2680 2538 τῶν
2724 2472 2786 2556 ἡ·

452 2590 649 2664 μερῶν
690 2577 921 2648 ἐκείνων
962 2599 1088 2643 non
1131 2582 1494 2660 pertineant
1523 2579 1601 2642 ad
1645 2581 1814 2643 urbis
1862 2580 2230 2644 deletionem
2283 2580 2570 2664 (renuere
2614 2583 2784 2656 enim

453 2688 764 2753 videbatur
792 2686 1047 2770 εὐθέως)
1084 2687 1197 2750 sed
1225 2695 1433 2751 tamen
1461 2689 1745 2762 habeant,
1776 2708 1895 2770 quo
1935 2694 2071 2769 apte
2098 2689 2456 2752 referantur.
2504 2688 2635 2751 Hoc
2664 2689 2785 2752 sibi

454 2799 760 2878 reperisse
821 2794 1098 2860 videntur
1139 2813 1195 2857 v.
1244 2793 1330 2860 23
1375 2795 1437 2857 ff.
1496 2803 1600 2859 aut
1655 2793 1742 2860 24
1803 2814 1935 2878 sqq.
2026 2794 2476 2858 Kistemakerus
2536 2798 2646 2869 ita,
2714 2803 2783 2858 ut

454 2922 546 2968 vv.
592 2901 679 2969 24
723 2923 854 2987 sqq.
904 2902 1323 2983 deprehendat
1347 2901 1917 2984 Pseudoprophetas
1966 2911 2026 2966 et
2051 2903 2552 2966 Pseudochristos
2596 2911 2781 2967 tem-

454 3029 494 3091 p
513 3028 644 3071 ore
674 3010 958 3072 ultimo
987 3015 1320 3083 exorturos,
1352 3007 1651 3088 judicium
1680 3016 2012 3072 extremum
2040 3016 2472 3073 antecessuros
2503 3015 2565 3072 et
2587 3028 2779 3092 prope

453 3118 603 3181 illud
659 3119 883 3180 instare
943 3117 1333 3183 indicaturos.
1427 3116 1555 3179 Sed
1608 3119 1660 3179 si
1715 3119 2059 3197 respexeris
2118 3116 2195 3180 ad
2239 3109 2452 3182 Matth.
2498 3136 2553 3182 v,
2599 3115 2662 3181 4.
2712 3117 2775 3183 5.

461 3223 585 3298 11„
648 3232 882 3288 certum
940 3224 1127 3287 debet
1186 3242 1358 3297 esse,
1428 3223 1732 3288 Christum
1774 3223 2343 3305 Pseudoprophetas
2403 3230 2464 3287 et
2509 3222 2778 3287 Pseudo-

458 3333 713 3395 christos
760 3352 883 3394 non
931 3338 1322 3412 exspectasse
1371 3332 1571 3394 solum
1616 3333 1728 3394 sub
1776 3332 1987 3395 mundi
2029 3332 2234 3406 finem,
2285 3332 2398 3419 sed
2426 3317 2555 3411 ,fam
2595 3331 2778 3396 disci-

455 3441 631 3521 pulos
684 3440 908 3519 primos
964 3439 1240 3518 impense
1284 3439 1504 3500 iterum
1550 3443 1732 3520 atque
1775 3440 1995 3502 iterum
2039 3436 2382 3501 monendos
2438 3444 2630 3518 putat,
2693 3458 2775 3504 ne

452 3547 835 3612 Antichristis
854 3593 872 3619 ,
952 3547 1054 3627 qui
1133 3547 1443 3609 numerosi
1523 3549 1647 3609 sint
1721 3550 2086 3622 surrecturi,
2160 3566 2369 3611 aurem
2445 3547 2778 3628 praebeant

458 3655 536 3739 (ν.
583 3654 647 3720 4.
697 3652 759 3719 5.
807 3654 905 3715 cll.
951 3672 1007 3717 v.
1065 3652 1108 3719 8
1162 3651 1353 3742 utino:
1405 3654 1471 3718 δὲ
1525 3661 1713 3718 ταῦτα
1766 3651 1917 3739 ἀρχὴ
1972 3653 2240 3739 ὠδίνων).
2332 3653 2540 3730 Quare
2593 3675 2776 3737 quum

459 3763 730 3827 Christus
774 3758 985 3824 Matth.
1043 3779 1101 3825 V.
1160 3758 1422 3827 23—26
1482 3767 1606 3823 non
1670 3760 1746 3823 de
1792 3779 1914 3823 uno
1960 3761 2425 3826 Pseudochristo
2483 3765 2774 3844 loquatur,

458 3877 560 3934 aut
601 3871 721 3931 una
766 3869 956 3947 esque
1003 3869 1286 3947 suprema
1331 3868 1577 3948 spiritns
1623 3869 2055 3931 antichristiani
2099 3870 2615 3944 manifestatione,
2665 3872 2776 3936 sed

460 3975 536 4038 de
581 3977 784 4039 multis
832 3974 910 4058 (v.
958 3972 1065 4040 24.
1112 3971 1264 4056 26.),
1312 3974 1637 4038 verisimile
1686 3977 1818 4049 erit,
1867 3962 2171 4040 Christum
2214 3979 2306 4040 his
2352 3997 2443 4042 vv,
2490 3979 2655 4062 loqui
2697 3979 2772 4042 de

459 4085 620 4147 malo
662 4102 786 4145 non
834 4081 911 4146 ad
956 4090 1221 4145 extrema
1269 4082 1470 4145 solum
1511 4090 1784 4164 tempora
1817 4085 2158 4164 pertinenti,
2210 4084 2323 4150 sed
2358 4104 2546 4166 saepe
2574 4087 2769 4150 forsan

437 4191 744 4265 redituro,
794 4193 917 4252 imo
963 4188 1040 4253 ad
1085 4189 1414 4270 apostolica
1452 4190 1583 4268 Jam
1628 4199 1903 4272 tempora
1941 4192 2306 4274 pertingenti
2333 4193 2448 4271 (cf.
2478 4211 2534 4282 r.
2567 4192 2632 4258 4.
2661 4193 2770 4271 5.):

458 4317 580 4364 nec
627 4298 924 4362 adversari
967 4298 1109 4362 huic
1151 4296 1336 4362 verbo
1382 4297 1696 4362 historiam
1742 4296 2043 4363 ecelesiae
2087 4300 2582 4382 antiquissimam,
2629 4302 2767 4365 satis
