2934 4797
1574 261 1662 330 64

456 441 813 523 alloquitur:
862 439 1163 521 quomodo
1213 439 1489 505 cecidisti
1538 439 1614 503 de
1664 440 1860 514 coelo,
1897 452 1948 502 'o
1994 440 2250 521 pulchre
2288 441 2555 504 Lucifer!
2628 437 2803 503 Luc.

455 548 527 623 X,
580 547 657 615 15
688 549 960 614 Christus
1010 551 1136 614 ait:
1170 549 1262 613 Tu
1301 557 1503 613 autem
1533 551 1929 630 capernaum,
1978 549 2054 613 ad
2099 549 2346 612 coelum
2385 566 2581 629 usque
2622 547 2807 611 elata

457 657 534 720 ad
579 657 806 720 Orcum
851 657 1221 730 detruderis;
1286 665 1349 720 et
1392 659 1574 737 paulo
1613 664 1781 737 post:
1840 676 1894 720 v.
1949 656 2031 723 18
2072 656 2196 720 vidi
2231 658 2523 719 *Satanam
2580 653 2800 715 fulmi-

455 767 551 826 nis
598 767 787 828 instar
833 766 1090 828 coelitus
1138 763 1476 844 dejectum}
1538 770 1599 825 et
1658 764 1941 826 similiter
1985 763 2175 844 Apoc.
2228 761 2350 837 xil,
2415 760 2607 827 7—9.
2691 761 2796 825 Jo.

455 874 578 948 X11,
619 872 726 940 31.
778 873 948 950 Quae
997 877 1197 937 omnia
1240 877 1513 954 probant,
1562 875 1640 937 de
1673 875 1848 937 coelo
1880 872 2062 953 dejici
2107 873 2272 935 idem
2319 891 2481 946 esse,
2529 890 2600 934 ac
2628 869 2798 932 flore

457 989 517 1044 et
558 983 841 1045 fortunae
884 982 1228 1046 nitore‘aut
1274 983 1517 1063 imperii
1564 981 1879 1060 majestate
1926 980 2173 1061 privari;
2207 973 2325 1059 ‘qui
2372 980 2537 1040 enim
2583 978 2798 1058 pollet

453 1091 723 1169 potentia
768 1096 868 1153 aut
911 1089 1088 1162 flore,
1154 1089 1371 1152 stellae
1429 1088 1644 1153 similis
1694 1096 1788 1151 est
1825 1090 1896 1149 in
1944 1088 2124 1150 coelo
2171 1086 2447 1166 fulgenti.
2489 1113 2497 1121 ·
2541 1084 2680 1147 Jam
2731 1086 2797 1146 si

453 1178 660 1260 nostro
705 1199 843 1260 loco
892 1197 1140 1260 dicitur:
1205 1198 1420 1260 stellae
1482 1196 1558 1259 de
1588 1198 1785 1265 ‚coelo
1835 1196 2079 1271 cadent,
2144 1188 2364 1260 sensus
2405 1197 2547 1268 erit,
2597 1212 2794 1276 quae-

454 1323 693 1384 cunque
744 1321 961 1383 magna
1022 1302 1384 1366 videbantur
1444 1311 1506 1366 et
1553 1298 1796 1366 'excelsa
1839 1305 2157 1384 hucusque
2204 1306 2265 1369 in
2314 1309 2524 1365 vetere
2561 1301 2792 1363 mundi

451 1419 624 1485 statu,
668 1411 1030 1490 dejicientur
1066 1411 1509 1474 excelsitudine
1547 1430 1657 1474 sua
1707 1395 1770 1474 et
1813 1413 2100 1493 potentia,
2149 1409 2377 1490 majore
2422 1428 2571 1472 sane
2614 1410 2789 1491 prin-

456 1521 670 1600 cipatu,
716 1521 756 1583 i.
790 1539 846 1583 e.
893 1520 1078 1601 Regis
1107 1538 1319 1602 regum
1349 1519 1674 1598 maJestate
1710 1521 1786 1583 iis
1833 1521 2319 1611 superveniente.
2395 1518 2547 1580 Nam
2594 1528 2790 1596 quum

448 1646 574 1690 non
617 1647 741 1690 una
773 1630 948 1692 stella
979 1636 1078 1692 aut
1107 1628 1263 1692 duae
1294 1628 1407 1691 sed
1438 1647 1653 1691 omnes
1684 1629 1900 1692 stellae
1929 1629 2334 1702 nominentur,
2383 1626 2469 1710 (οἱ
2501 1623 2785 1708 ἀστέρες)

451 1739 655 1814 iisque
722 1735 978 1799 addatur
1030 1736 1129 1798 sol
1176 1743 1238 1798 et
1295 1736 1440 1798 luna
1504 1735 1635 1820 (Mt.
1695 1735 1801 1803 29.
1847 1734 1969 1798 Mc.
2017 1731 2123 1801 24.
2173 1734 2279 1797 Lc.
2328 1731 2463 1817 25.)
2525 1732 2786 1795 obtene-

451 1842 739 1923 braudae,
765 1862 969 1909 rerum
989 1843 1380 1906 mutationem
1395 1844 1622 1905 instare
1643 1844 1993 1909 vaticinatur
2011 1849 2151 1924 post
2166 1841 2345 1905 Urbis
2377 1841 2781 1912 eversionem,
2893 1922 2894 1933 ἵ

452 1971 579 2013 non
624 1953 896 2032 angustis
944 1969 1095 2013 sane
1130 1950 1355 2012 finibus
1391 1950 1657 2014 Judaeae
1699 1951 2083 2024 adstrictam,
2145 1948 2258 2012 sed
2314 1950 2493 2030 plane
2539 1947 2784 2010 univer-
2831 1940 2841 1953 ’

453 2060 647 2121 salem
706 2064 770 2119 et
823 2056 900 2120 ad
943 2053 1043 2139 τὴν
1089 2059 1427 2140 οἰκουμένην
1461 2059 1891 2138 pertinentem.
1987 2057 2123 2135 (Lc.
2173 2054 2314 2139 26.)
2356 2055 2558 2132 Quare
2604 2055 2781 2130 locu-

454 2168 656 2230 tiones
704 2182 832 2238 eae,
882 2183 1029 2246 quas
1072 2165 1416 2229 habes-Mt.
1467 2164 1572 2232 29.
1621 2166 1725 2233 29.
1776 2166 1925 2231 Luc.
1973 2165 2077 2239 25,
2127 2183 2313 2233 sensu
2362 2166 2549 2235 multo
2590 2165 2781 2225 strio·

372 2276 380 2288 '
456 2271 595 2331 tiori
642 2270 978 2333 sumendae
1026 2278 1184 2344 sunt,
1232 2262 1413 2353 quam
1456 2273 1637 2352 plane
1686 2272 1947 2349 similes,
1997 2272 2061 2332 in
2121 2271 2304 2334 rebus
2350 2272 2539 2333 multo
2584 2270 2783 2331 mino·

452 2379 536 2440 ris
584 2380 878 2450 momenti
940 2378 1363 2443 describendis
1424 2379 1580 2461 apud
1640 2381 1965 2462 prophetas
2026 2360 2298 2447 obviae(
2349 2380 2487 2444 Joel
2534 2379 2614 2453 11,
2666 2379 2780 2445 10:
2893 2437 2894 2446 ,

458 2505 605 2568 prae
650 2489 875 2569 populo
924 2489 1337 2571 (locustarum)
1384 2495 1549 2551 terra
1579 2493 1784 2551 tremit
1809 2496 1874 2552 et
1902 2490 2144 2551 coelum
2182 2494 2633 2575 conquassatur,
2682 2487 2782 2548 sol

457 2602 518 2657 et
562 2596 705 2657 luna
749 2596 1161 2678 obscurantur,
1209 2596 1427 2657 stellae
1475 2596 1771 2658 cohibent
1798 2596 2098 2675 fulgorem
2127 2613 2327 2659 suum.
2399 2594 2473 2657 Et
2509 2591 2585 2656 de
2624 2593 2782 2656 Pha·
2893 2615 2894 2624 ¹

420 2704 660 2764 ·raonis
706 2702 951 2764 interitu
995 2703 1079 2765 ita
1123 2703 1483 2764 vaticinatur
1527 2703 1813 2765 Ezechiel
1856 2702 2030 2776 XXll,
2081 2703 2153 2767 7:
2213 2701 2380 2775 Jam,
2447 2703 2552 2764 ubi¹
2591 2702 2779 2783 plane

456 2808 530 2871 de
586 2816 648 2871 te
695 2815 896 2870 actum
953 2810 1097 2881 erit,
1156 2808 1451 2871 obvelabo
1508 2810 1753 2873 coelum
1809 2810 2139 2887 stellasque
2196 2806 2551 2872 obfuscabo.
2645 2809 2780 2870 Nec

455 2936 637 2981 secus
686 2915 761 2978 de
811 2915 1134 2998 Babylonis
1182 2918 1426 2992 interitu
1473 2916 1713 2998 Jesajas
1760 2916 1908 2992 Xlll,
1971 2916 2214 2984 9—13:
2261 2919 2422 2980 Ecce
2472 2917 2608 2994 dies
2652 2916 2778 2980 Do·
2893 2925 2894 2974 f

453 3028 603 3088 mini
662 3025 827 3089 venit
891 3024 1188 3098 crudelis,
1253 3026 1432 3100 irata,
1491 3024 1692 3099 ferox,
1750 3033 1818 3088 ut
1878 3025 2155 3088 devastet
2212 3031 2452 3088 terram.
2546 3025 2777 3087 Stellae

455 3137 618 3198 enim
657 3133 814 3195 coeli
863 3130 1120 3214 ejusque
1170 3132 1356 3200 Orion
1401 3150 1526 3195 non
1570 3132 1772 3198 lucide
1819 3133 2054 3197 lucent:
2114 3133 2208 3197 sol
2252 3136 2441 3195 oritur
2478 3132 2778 3195 obscurus

455 3251 516 3305 et
562 3243 703 3304 luna
748 3241 1159 3312 obtenebrata.
1259 3240 1361 3307 13.
1429 3241 1683 3304 coelum
1739 3244 2030 3315 movebo,
2092 3249 2160 3305 ut
2215 3248 2437 3304 tremat
2471 3245 2649 3303 ‘terra
2694 3241 2774 3303 de

453 3350 589 3412 loco
640 3366 773 3410 suo.
849 3347 985 3410 Joel
1033 3347 1298 3429 denique
1347 3366 1401 3411 c.
1439 3347 1537 3421 111,
1589 3346 1777 3413 1-4,
1827 3348 1904 3411 de
1934 3351 2222 3429 tempore
2258 3343 2516 3430 loquens
2565 3356 2776 3411 ante-

454 3457 781 3519 cedente
839 3453 1003 3517 diem
1045 3455 1292 3520 Domini
1338 3473 1628 3536 magnum
1675 3463 1737 3518 et
1780 3456 2142 3529 terribilem,
2207 3453 2282 3517 de
2329 3462 2603 3534 tempore
2647 3455 2773 3529 illo,

452 3583 571 3647 quo
604 3564 848 3626 Domini
891 3564 1137 3643 spiritus
1187 3560 1531 3625 effundetur
1569 3579 1757 3641 super
1792 3580 2008 3626 omnes
2046 3570 2293 3644 genteS,
2338 3561 2526 3640 addit:
2576 3581 2773 3643 eoque

453 3682 728 3753 tempore
778 3675 860 3747 (v.
903 3669 990 3747 2.)
1042 3670 1233 3733 servis
1280 3677 1343 3732 et
1387 3668 1622 3731 ancillis
1673 3670 1836 3733 daho
1883 3673 2162 3751 spiritum
2206 3688 2448 3742 meum,
2498 3675 2563 3731 et
2605 3673 2775 3751 signa
2887 3687 2895 3714 ⁴

456 3781 607 3844 dabo
645 3783 706 3841 in
759 3778 932 3841 coelo
996 3783 1058 3840 et
1101 3783 1290 3849 terra,
1343 3778 1732 3857 sanguinem,
1781 3780 2019 3858 ignem,
2068 3779 2463 3858 spissumque
2509 3777 2769 3852 fumum3

456 3890 601 3952 solis
660 3888 870 3949 lumen
932 3886 990 3946 in
1038 3883 1355 3955 tenebras,
1418 3883 1599 3945 lunae
1659 3883 1951 3964 splendor
1995 3886 2059 3945 in
2110 3887 2475 3965 sanguinem
2522 3903 2770 3948 conver-

452 4004 632 4069 tetur,
678 3994 893 4076 prius
953 3975 1159 4071 duam
1212 3993 1407 4072 veniat
1474 3989 1613 4052 dies
1667 3989 1913 4054 Domini
1971 3989 2323 4071 magna.²⁶)
2410 3991 2568 4066 Jam,
2631 3991 2768 4071 quid
2893 3963 2894 3988 ἶ

457 4111 634 4165 erunt
688 4103 859 4181 signa
924 4099 1026 4162 illa
1071 4098 1132 4158 in
1180 4084 1356 4172 coelo
1405 4096 1570 4175 (Joel
1614 4097 1710 4171 Ill,
1755 4097 1833 4178 ι3.
1881 4098 1985 4161 Lc.
2037 4119 2089 4162 v.
2139 4097 2291 4178 25)?
2346 4099 2514 4161 Idem
2579 4106 2766 4171 erunt,

595 4241 686 4307 25)
744 4217 916 4305 Sigua‘
953 4238 1008 4290 in
1042 4234 1188 4289 teri-ii
1221 4240 1372 4288 sunt=
1422 4237 1671 4305 sanguis,
1722 4237 1894 4306 iguis’,
1945 4238 2254 4309 spissusque
2288 4240 2493 4307 fumus,
2537 4267 2608 4279 —-
2643 4257 2767 4309 quae

456 4333 625 4387 omnia
659 4327 941 4382 efficaciam
977 4324 1249 4392 Evangelii
1284 4324 1338 4378 in
1373 4329 1517 4379 terra
1550 4324 1825 4382 militantis
1860 4328 2107 4383 indicant.
2178 4330 2254 4383 De
2303 4329 2559 4396 sanguino
2595 4329 2772 4384 eonfe-
