2934 4797
1264 255 1343 327 13

143 448 387 514 quoquo
413 433 736 514 pertineat,
767 438 927 498 extra
947 431 1247 513 judicium
1277 440 1550 499 nostrum
1577 435 1843 515 positum
1871 434 1949 497 sit
1977 433 2130 497 etin
2159 438 2472 497 aeternum

146 556 393 605 manere
442 538 683 603 debeat.
746 622 753 631 x
2073 565 2082 569 ·

327 645 454 708 Sed
501 663 687 727 quum
723 646 868 708 mihi
913 663 1271 726 persuasum
1316 649 1424 720 sit,
1476 646 1950 726 eschatologiam
1978 663 2105 707 non
2148 644 2310 725 parvi
2333 648 2474 706 'mo-

146 755 345 815 menti
393 752 727 816 doctrinam
787 771 964 827 esse,
1026 754 1134 831 (de
1204 774 1323 836 quo
1370 757 1434 817 in
1488 756 1644 818 libro
1703 771 1844 816 meo
1899 753 1976 815 de
2038 752 2475 832 christologiae

144 858 398 924 historia
435 864 660 943 scripto
691 870 754 924 et
777 862 946 925 brevi
973 861 1325 925 recudendo
1353 865 1525 944 plura
1554 862 1848 926 afferendi
1884 862 2089 924 locum
2126 860 2477 935 nanciscar)

149 973 213 1029 et
258 986 444 1050 quum
486 969 582 1031 vix
627 969 988 1049 intelligam,
1054 969 1359 1050 quomodo
1408 969 1632 1033 Christi
1679 977 1741 1033 et
1782 968 2212 1050 Apostolorum
2270 972 2478 1027 aucto-

145 1073 291 1136 ritas
331 1091 430 1146 ea‚
470 1092 649 1154 quam
688 1081 900 1138 tenere
949 1074 1135 1137 debet
1183 1075 1449 1139 ecclesia
1489 1077 1842 1148 christiana,
1892 1075 2055 1137 salva
2097 1091 2238 1136 esse
2265 1073 2478 1152 possit,

145 1180 201 1241 si
242 1182 733 1243 commixtionem
774 1182 938 1243 illam
986 1183 1317 1263 cognitioni
1356 1182 1842 1263 eschatologicae
1883 1181 2130 1244 letalem
2169 1180 2481 1242 statueris:

145 1290 580 1351 necessitatem
614 1288 912 1370 quandam
943 1289 1120 1353 video
1156 1290 1508 1370 injunctam,
1539 1297 1664 1354 tam
1692 1290 2009 1371 positivam
2040 1305 2215 1369 quam
2245 1289 2483 1367 negati-

144 1412 299 1469 vam,
328 1402 395 1458 ut
433 1396 788 1477 nonxsolum
811 1396 934 1460 loci
957 1397 1149 1459 nostri
1174 1397 1561 1461 difficultates
1604 1398 1928 1471 solvantur,
1969 1396 2082 1458 sed
2120 1398 2300 1458 etiam
2338 1393 2485 1456 doc·

144 1505 336 1566 trinae
399 1503 883 1585 eschatologicae
937 1522 972 1567 a
1022 1503 1258 1597 Christ-o
1316 1505 1401 1596 ibi
1444 1507 1808 1586 propositae
1867 1505 2067 1568 fontes
2112 1504 2478 1583 aperiantur.

149 1608 353 1685 Quare
422 1612 643 1674 iterum
707 1620 883 1691 atque
947 1613 1166 1674 iterum
1228 1630 1511 1676 reversus
1577 1611 1652 1676 ad
1715 1614 1918 1674 locum
1961 1618 2255 1673 ·nostrum
2330 1610 2485 1672 clas-

148 1718 347 1780 sicum
392 1728 454 1781 et
501 1721 853 1782 examinans
899 1721 1297 1800 interpretum
1340 1718 1402 1782 in
1451 1720 1590 1782 loco
1635 1728 1843 1782 nostro
1892 1735 2232 1781 consensus
2272 1724 2334 1780 et
2363 1716 2484 1779 dis·

149 1840 373 1887 sensus
404 1845 734 1908 eorumque
767 1845 1033 1901 caussas,
1065 1845 1320 1890 cernere
1348 1828 1497 1890 mihi
1519 1827 1771 1891 videbar
1796 1833 2100 1908 promtum
2129 1831 2190 1886 et
2214 1831 2484 1905 paratum

146 1932 331 2013 longe
378 1935 774 2015 plurimorum
822 1942 1190 1998 concentum
1237 1936 1401 2009 fore,
1467 1937 1521 1997 si
1576 1935 1757 1998 modo
1805 1936 2184 2009 solverentur
2229 1929 2484 1994 difficul-

147 2044 303 2101 tates
369 2040 706 2120 quaedam,
781 2057 927 2121 quas
992 2041 1262 2120 superari
1326 2059 1511 2120 posse
1583 2040 1916 2120 desperans
1975 2056 2234 2101 acumen
2298 2040 2485 2100 inter-

148 2154 413 2227 pretum,
442 2166 651 2228 paene·
673 2149 948 2227 improbe
987 2148 1353 2210 laboriosum
1382 2155 1563 2229 atque
1595 2150 1961 2222 exuberans,
1992 2149 2053 2209 in
2073 2152 2196 2209 tam
2219 2145 2484 2209 diversas

150 2261 358 2333 partes
405 2254 687 2317 abactum
735 2262 851 2317 est.

1250 2512 1357 2597 ll.

332 2626 656 2739 Neminem
715 2692 918 2738 rerum
972 2675 1184 2737 harum
1239 2692 1494 2757 gnarum
1544 2673 1692 2735 mihi
1751 2670 2261 2735 contradicturum
2318 2674 2482 2747 puto,

154 2783 432 2861 ponenti,
481 2784 847 2862 interpretes
893 2782 1022 2844 fere
1073 2782 1149 2846 ad
1194 2802 1386 2845 unum
1435 2801 1651 2844 omnes
1695 2781 1955 2862 primum
1995 2785 2226 2859 paratos
2271 2775 2483 2847 fuisse,

156 2894 221 2949 ut
266 2903 417 2967 quae
474 2895 614 2967 post
658 2888 806 2950 Luc.
852 2886 999 2961 XXI,
1040 2887 1124 2954 24
1180 2906 1292 2950 seu
1337 2888 1482 2950 inde
1531 2906 1564 2950 a
1609 2884 1818 2949 Matth.
1859 2883 2063 2957 xxiv,
2100 2903 2155 2947 v.
2195 2880 2280 2948 29
2329 2882 2488 2945 dicta

155 3000 331 3067 sunt,
379 2993 452 3055 ab
483 2993 1043 3076 Hierosolymorum
1070 2996 1316 3058 interitu
1353 2995 1543 3076 probe
1584 2992 1870 3078 distincta
1918 3008 2057 3053 esse
2088 2994 2490 3071 agnoscerent

156 3109 217 3164 et
263 3101 340 3164 ad
385 3105 708 3166 remotiora
739 3111 1012 3184 tempora
1059 3104 1365 3182 pertinere
1413 3104 1610 3182 primo
1650 3102 1866 3164 obtutu
1905 3097 2488 3168 animadverterent;

156 3208 268 3270 sed
312 3209 525 3272 vocula
569 3209 799 3284 εὐθέως
842 3228 897 3272 v.
938 3207 1023 3275 29
1063 3216 1165 3271 aut
1211 3209 1465 3289 posthac
1510 3225 1748 3270 comma
1789 3201 1899 3269 34·
1948 3200 2100 3285 ἀμὴν
2144 3203 2288 3286 λέγω
2333 3203 2489 3284 ὑμῖν,

157 3317 228 3379 οὐ
273 3312 352 3398 μὴ
396 3318 670 3402 παρέλθῃ
713 3315 749 3400 ἡ
793 3313 956 3399 γενεὰ
1003 3315 1177 3398 αὕτη,
1215 3318 1330 3390 ἕως
1375 3318 1448 3381 οἲν
1492 3313 1684 3380 πάντα
1731 3322 1920 3379 ταῦτα
1971 3314 2193 3398 γένηται
2240 3330 2347 3374 eos
2392 3328 2488 3372 re·

154 3428 460 3487 traxerunt
532 3443 567 3487 a
639 3426 734 3487 via
799 3424 1034 3504 coepta.
1138 3423 1323 3485 Pauci
1397 3420 1646 3502 quidam
1716 3423 1779 3482 in
1862 3422 1934 3482 ea
2006 3379 2488 3500 persever-irunt,

157 3528 266 3591 sed
314 3532 426 3604 ita,
490 3538 557 3593 ut
598 3528 999 3595 vix·candido
1046 3529 1259 3591 lectori
1303 3526 1489 3590 fidem
1536 3528 1736 3589 facere
1783 3533 2073 3606 possent,
2124 3542 2371 3587 causam
2418 3540 2488 3585 se

150 3635 381 3714 justam
429 3654 607 3717 agere
648 3635 716 3719 ⁶).
811 3636 1014 3699 Ceteri
1059 3643 1263 3698 autem
1305 3635 1676 3715 praecipites
1723 3633 1839 3695 alio
1885 3651 2096 3696 vorsus
2140 3630 2489 3695 tendebant.

301 3775 358 3838 6)
399 3776 712 3828 Glaesiae
752 3777 816 3827 al.
838 3777 1057 3843 probare
1079 3777 1301 3844 student,
1340 3769 1794 3834 &sammon-am
1829 3772 2061 3825 indicare
2082 3773 2285 3839 (Glass.
2306 3772 2490 3825 Philol.

161 3867 216 3918 S.
258 3867 392 3919 1705
430 3884 477 3933 p.
521 3864 665 3930 951).
738 3867 1044 3919 Afferuntur
1078 3866 1175 3919 loci
1214 3866 1397 3918 matth.
1433 3865 1583 3931 xm,
1621 3866 1670 3915 5.
1708 3865 1796 3932 lv,
1837 3865 1886 3915 5.
1930 3893 1992 3904 —
2030 3862 2161 3914 Alii
2200 3862 2289 3929 (ef.
2326 3860 2493 3928 Wolf,

163 3955 329 4008 Curae
364 3958 405 4025 Ι,
444 3956 565 4008 350.
605 3958 682 4007 ed.
722 3957 781 4021 2)
815 3950 1016 4015 εὐθέως
1051 3972 1152 4008 non
1192 3959 1399 4009 vertunt
1436 3955 1688 4022 statim,
1725 3956 1818 4006 sed
1857 3955 2224 4020 derepente,
2261 3952 2490 4019 impro-

161 4043 332 4112 viso,
368 4045 496 4112 quod
535 4045 709 4096 itidem
746 4044 1012 4112 reperiunt
1045 4043 1347 4111 JohnnNI,
1386 4044 1471 4095 21.
1509 4043 1625 4095 Act.
1656 4042 1777 4111 xil,
1819 4043 1903 4094 10.
1942 4042 2100 4108 Apoc.
2139 4040 2228 4108 IV,
2266 4041 2316 4109 2,
2354 4040 2492 4093 sicut

162 4132 485 4184 Herodianus
515 4132 664 4200 VIH,
704 4132 751 4184 1.
792 4132 853 4184 de
890 4130 1044 4203 φυγῇ
1081 4124 1292 4198 εὐθείᾳ,
1327 4130 1456 4195 fuga
1492 4125 1834 4197 repentina
1868 4130 2118 4198 loquatur.
2155 4128 2267 4180 1100
2302 4127 2494 4195 placuit
2570 4140 2576 4147 ’

161 4222 524 4290 Wernsdorflo
560 4219 613 4272 in
651 4219 798 4287 Disp.
838 4220 900 4271 (le
937 4226 1076 4272 textu
1114 4235 1299 4285 evang.
1335 4219 1482 4271 Dom.
1520 4218 1589 4270 11.
1638 4218 1891 4271 adventus
1930 4209 1991 4268 ‹le‘
2030 4217 2250 4268 adventu
2289 4214 2491 4268 Christi

162 4309 335 4362 ultimo
386 4308 698 4376 accipiendo.
751 4308 905 4360 1714.
954 4313 1007 4360 et
1042 4307 1283 4376 Oleario,
1337 4306 1420 4376 qui
1467 4309 1642 4359 monet
1681 4307 1783 4360 Job
1832 4307 1896 4375 V,
1953 4305 1983 4358 3
2030 4319 2124 4374 pro
2169 4316 2297 4357 voco
2342 4302 2488 4355 hebr.
