2934 4797
1550 241 1636 311 54

434 423 592 489 nitos
659 419 818 504 (ἄχρι
879 422 1336 505 πληρωθῶσιν)ε
1400 430 1467 487 et
1525 424 1604 491 ita
1650 422 1846 487 Lucas
1903 418 2281 501 progreditur
2329 417 2408 485 ad
2453 417 2772 487 ulteriora.-

434 526 610 609 Apud
637 526 1006 593 Matthaeum
1040 548 1164 591 non
1190 531 1353 595 clare
1389 532 1510 595 hoc
1536 533 1798 613 spatium
1824 536 1974 611 post.
1989 515 2595 597 ludaismioccasum
2621 545 2776 607 pro-

430 637 695 719 positum
744 655 929 711 esse,
989 639 1352 717 interpretes
1407 641 1590 719 longe
1635 639 1881 720 plurimi
1926 644 2263 711 autumant,
2324 635 2577 701 forsitan
2625 649 2780 699 eam

435 745 511 813 ob
558 761 837 819 causam,
887 746 1023 827 quia
1071 765 1187 809 nec
1232 766 1321 813 vv.
1368 746 1589 813 4--14
1633 754 1753 813 nec'
1798 747 2106 811 doctrinae
2156 745 2378 811 Christi
2424 742 2778 807 escbstolo-

434 850 603 930 gieas
634 851 774 915 alibi
803 850 960 931 apud
989 852 1350 933 Synopticos
1380 855 1724 934 propositae
1752 854 2053 927 rationem
2078 850 2362 917 idoneam
2401 851 2778 919 habuerunt.

609 956 1012 1037 Atqui·plane
1060 966 1467 1033 certumest,
1529 978 1774 1025 versum
1820 957 1903 1027 29
1949 958 2133 1039 plane
2188 959 2430 1025 mittere
2476 955 2776 1023 ludaeos.

437 1065 591 1128 Nam
642 1066 843 1131 verbis
897 1062 1045 1151 μετὰ
1096 1063 1199 1148 τὴν
1250 1070 1464 1152 θλίψιν
1517 1095 1565 1135 κ.
1621 1090 1671 1134 τ.
1731 1073 1782 1132 λ.
1832 1068 2023 1133 oratio
2068 1067 2148 1133 ita
2190 1067 2504 1135 revertitur.
2550 1062 2629 1129 ad
2664 1063 2784 1127 Ju-
2887 1140 2888 1149 ἵ

437 1174 731 1243 daeorum
790 1178 1086 1251 stragem,
1151 1180 1216 1239 ut
1274 1173 1417 1237 inde
1483 1174 1560 1241 ad
1621 1174 1733 1241 alia
1789 1171 2205 1254 progrediatur
2251 1174 2466 1251 (μετὰ
2508 1197 2561 1237 τ.
2608 1167 2780 1251 θλ).

437 1280 794 1357 Negativum
840 1296 1022 1359 supra
1068 1287 1464 1359 monstratum
1513 1288 1608 1351 est
1651 1280 2000 1347 vaticinium
2047 1280 2325 1347 versibus
2372 1276 2638 1345 23—-28
2681 1279 2780 1339 in-

442 1404 600 1463 esse,
647 1400 880 1453 moram
922 1384 1205 1459 ,indicens
1252 1393 1335 1451 et*
1360 1389 1706 1455 cautionem
1751 1385 2184 1453 commendans
2232 1386 2418 1449 etiam
2461 1391 2602 1466 post
2628 1380 2781 1447 Hie-

438 1491 738 1570 rosolyma
775 1489 983 1559 diruta.
1061 1492 1185 1582 Sed
1225 1492 1512 1573 quidnam
1536 1494 1779 1574 positivi
1817 1492 2052 1563 indicet
2077 1492 2350 1581 cbristus
2393 1498 2533 1572 post
2571 1511 2628 1555 v.
2660 1491 2778 1565 28,
2889 1516 2890 1547 1

438 1599 746 1680 plerisque
794 1597 1061 1669 dubium.
1154 1601 1388 1664 Sensus
1437 1603 1601 1669 enim
1645 1603 1965 1669 verborum
2008 1619 2065 1669 v.
2112 1600 2196 1669 29
2243 1599 2422 1691 valde
2478 1598 2774 1667 difficilis.

440 1703 624 1775 Plane
671 1703 1040 1784 rejiciendos
1090 1725 1231 1770 osse
1280 1726 1410 1779 cos,
1459 1710 1562 1789 qui
1607 1707 1762 1773 haec
1786 1725 2050 1788 ‚quoque
2095 1708 2278 1775 verba
2322 1705 2397 1775 ad
2424 1705 2777 1787 Hierosoly·

440 1829 677 1875 morum
709 1812 1015 1876 interitum
1042 1814 1327 1888 reterunt,
1356 1833 1537 1898 supra
1559 1821 1962 1883 monstratum
1991 1813 2076 1898 (p.
2103 1812 2268 1896 15.).,
2301 1813 2502 1889 Quare
2534 1814 2621 1877 illi
2650 1816 2776 1893 pri-

445 1917 790 1998 audiendi„
825 1920 928 2002 qui
989 1940 1196 1989 vorsus
1256 1922 1361 1993 29.
1423 1923 1528 1991 30.
1592 1921 1670 1987 ad
1730 1930 2062 1991 extremum
2114 1921 2419 2001 judicium
2477 1922 2773 1989 referunt.

443 2028 748 2097 Orationis
794 2028 961 2101 color
1005 2027 1144 2093 huic
1190 2030 1458 2110 opinioni
1502 2030 1705 2097 favere
1752 2028 2009 2099 videtur.
2079 2030 2231 2097 Nam
2278 2029 2423 2097 solis
2464 2028 2774 2108 lunaeque
2891 2052 2892 2059 ¹

292 2154 310 2173 ’
442 2135 652 2215 pallor,
696 2136 1026 2215 praecipue
1063 2154 1206 2223 vero
1245 2137 1459 2201 stellae
1502 2135 1578 2199 dc
1608 2137 1783 2201 coelo
1813 2136 2121 2209 cadenteS‚
2169 2136 2480 2201 eoelorum
2515 2136 2775 2205 virtutes

444 2250 917 2322 conquassatae,
977 2244 1113 2309 sine
1172 2242 1354 2309 dubio
1414 2245 1680 2309 fabricae
1728 2244 1939 2309 mundi
1983 2244 2295 2309 interitum
2338 2242 2646 2321 indicant,
2712 2245 2774 2307 si

441 2350 623 2415 verba
666 2348 820 2418 haec
867 2347 1060 2435 ῥητῶς
1108 2350 1465 2433 accipienda
1512 2358 1672 2420 sunt.
1740 2349 1998 2426 Quando
2046 2350 2293 2424 stellae,
2340 2351 2422 2416 ait
2466 2348 2771 2416 Get-har·
2893 2340 2894 2345 ’

445 2457 576 2519 dus
623 2460 960 2538 (ceteroqui
1009 2458 1169 2522 hanc
1213 2460 1776 2539 interpretationem
1822 2443 2132 2539 rejiciens)
2189 2456 2358 2536 (Loci
2385 2455 2641 2522 Theou.
2692 2457 2768 2520 T.

443 2561 592 2628 xlx,
654 2577 713 2643 p.
775 2562 928 2634 260,
992 2563 1088 2628 ed.
1153 2563 1351 2647 Cotta)
1376 2576 1389 2592 ⁸
1414 2567 1488 2642 ab
1550 2565 1790 2630 orbibus
1853 2564 2224 2630 coelestibus
2271 2565 2774 2640 removebuntur,

444 2677 589 2734 tunc
636 2669 792 2734 coeli
835 2676 1152 2753 terraeque
1197 2671 1367 2736 ruina
1411 2671 1757 2738 immediate
1806 2672 1917 2738 erit
1964 2669 2338 2749 coniuncta..
2394 2669 2467 2740 Et
2523 2671 2628 2751 qui
2685 2672 2776 2736 ita

446 2779 948 2860 interpretantur,
1010 2779 1298 2844 tenebras
1355 2779 1540 2859 priori
1584 2776 1966 2844 hemisticbio
2013 2796 2069 2840 v.
2116 2774 2222 2844 29.
2267 2773 2566 2840 indicatas
2601 2776 2779 2856 juxta

446 2884 726 2963 Origenis
774 2883 841 2968 (1.
873 2904 926 2947 c.
959 2905 1015 2951 c.
1043 2882 1178 2967 48.)
1228 2885 1553 2950 consilium
1600 2885 1727 2968 (qui
1771 2885 1984 2969 itidem
2028 2884 2183 2948 hanc
2209 2885 2776 2965 interpretationem

447 3010 691 3056 omnem
746 2990 972 3074 abjicit)
1032 2994 1105 3058 ab
1166 2992 1450 3058 incendio
1505 2991 1716 3055 mundi
1772 2991 2005 3060 furnum
2051 2999 2229 3072 atque
2261 2999 2571 3060 moestam
2617 2993 2774 3058 calta

446 3101 648 3182 ginem
692 3100 983 3166 fundente
1029 3100 1326 3178 derivare,
1375 3103 1661 3168 virtutum
1707 3100 2069 3168 coelestium
2113 3118 2254 3182 vero
2294 3101 2775 3166 commotionem

447 3217 547 3276 aut
591 3207 667 3272 ad
710 3205 1073 3272 firmamenti
1117 3209 1348 3278 ruinam
1404 3226 1545 3270 cum
1597 3208 1837 3288 fragore
1890 3207 2173 3274 irruentis
2229 3205 2329 3288 (cf,
2379 3207 2420 3278 2
2466 3206 2623 3272 Petr.
2669 3207 2771 3282 111,

453 3312 736 3396 10—12)
779 3322 876 3376 aut
913 3313 988 3376 ad
1027 3317 1279 3395 angelos
1317 3316 1550 3378 orbium
1589 3315 1947 3382 coelestium
1977 3312 2280 3388 custodes,
2316 3315 2454 3382 loco
2486 3333 2597 3386 suo
2625 3333 2770 3397 prae

447 3441 649 3487 rerum
693 3422 1395 3502 ingruentiumfhorrore
1444 3440 1732 3488 cessuros
1786 3421 2015 3488 referre
2073 3429 2350 3502 possunt.
2441 3420 2568 3486 Sed
2625 3422 2770 3484 huic

427 3535 677 3615 primae
724 3530 994 3614 opinioni
1037 3532 1222 3602 multa
1269 3531 1525 3596 obstant.
1617 3529 1793 3598 Multi
1839 3531 2003 3592 enirn
2032 3538 2173 3594 sunt
2202 3529 2430 3594 similes
2460 3548 2769 3596 sacrorum

447 3640 736 3714 librorum
770 3635 910 3710 loci,
959 3655 1214 3717 quornm
1246 3639 1418 3720 pauci
1447 3636 1524 3700 ad
1567 3635 1752 3702 finem
1795 3635 2005 3704 mundi
2048 3643 2305 3717 possunt
2338 3636 2573 3701 referri.
2609 3636 2762 3702 Stel·

448 3745 538 3808 las
576 3743 867 3807 cadentes
903 3743 1093 3810 hahes
1141 3764 1198 3808 e.
1241 3762 1296 3824 g.
1325 3744 1517 3827 Apoc.
1552 3742 1677 3816 ΧΠ,
1722 3741 1791 3819 4;
1822 3743 2096 3810 draconis
2129 3743 2321 3808 cauda
2352 3744 2591 3814 tertiam
2621 3745 2765 3810 stel-

448 3854 637 3915 larum
698 3852 1060 3918 coelestium
1119 3861 1350 3933 partem
1408 3854 1471 3918 in
1530 3860 1751 3916 terram
1797 3851 2151 3932 dejiciebat,
2217 3853 2257 3917 i.
2306 3871 2362 3922 e.
2413 3854 2582 3920 tertia
2625 3872 2762 3934 pars

452 3959 774 4040 doctorum,
808 3977 842 4021 a
886 3957 1006 4022 fide
1054 3950 1390 4040 deficiebat.
1481 3959 1771 4040 Idemque
1818 3963 2009 4040 Apoc.
2056 3941 2213 4038 vul,
2262 3959 2343 4028 12
2385 3959 2608 4033 nabes,
2664 3963 2762 4026 ubi

450 4066 637 4154 idem·
662 4074 914 4134 eventus
958 4074 1204 4158 vocatur
1246 4069 1486 4130 trientis
1531 4068 1712 4130 lunae
1763 4067 2033 4147 solisque
2080 4066 2440 4140 obscuratio.
2524 4063 2759 4133 Deinde

454 4172 612 4256 apud
656 4172 980 4258 Prophetas
1040 4192 1222 4255 saepe
1288 4175 1439 4242 solis
1495 4175 1797 4255 lunaeque
1859 4171 2146 4254 nigredo,
2213 4174 2527 4240 stellarum
2568 4176 2758 4242 facies

449 4281 704 4365 pallida,
750 4289 945 4348 terrae
987 4289 1245 4360 tremor,
1293 4285 1726 4363 coelorumque
1767 4289 1967 4348 motus
2014 4280 2474 4357 describuntur,
2521 4283 2759 4366 quaudo
