2934 4797
290 1568 698 1706 Difficillimis
743 1640 878 1701 sine
917 1636 1102 1702 dubio
1129 1639 1205 1702 N.
1234 1638 1306 1703 T.
1338 1640 1495 1702 locis
1530 1639 1957 1704 accensendae
1996 1647 2136 1717 sunt
2164 1640 2469 1703 orationes

144 1750 368 1812 Christi
433 1747 920 1827 eschatologicae
995 1745 1155 1826 apud
1231 1745 1602 1810 Matthaeum
1682 1748 1825 1828 Cap.
1900 1747 2112 1820 XXIV,
2187 1743 2466 1818 ‘12-36.

144 1856 374 1940 (parall.
425 1855 615 1920 Marc.
659 1855 810 1929 XIII,
864 1853 1122 1920 1-32.
1168 1854 1316 1918 Luc.
1359 1855 1516 1930 XXI,
1564 1853 1847 1935 5—36.)
1894 1862 2264 1930 asservatae,
2314 1873 2467 1937 quae

140 1964 221 2025 ita
258 1969 400 2026 sunt
438 1963 834 2044 compositae,
883 1970 948 2024 ut
982 1960 1281 2025 nodorum
1317 1963 1644 2026 multorum
1684 1963 2149 2044 explicationem
2192 1948 2473 2026 et'vehe-

141 2078 380 2133 menter
433 2070 731 2150 flagitare,
790 2077 854 2132 et
899 2076 1248 2132 constanter
1298 2072 1511 2151 fugere
1568 2078 1745 2152 atque
1801 2073 2028 2135 irritam
2080 2070 2340 2134 reddere
2388 2072 2473 2133 vi-

146 2178 419 2259 deantur.
492 2177 732 2239 Etenim
776 2177 901 2238 loci
948 2178 1034 2239 illi
1065 2184 1302 2240 tantum
1337 2176 1627 2241 videlicet
1668 2177 1948 2242 videntur
1992 2180 2182 2241 lucis
2229 2179 2473 2250 habere,

144 2292 211 2347 ut
269 2285 693 2366 quaestionem
753 2283 1119 2346 nostratibus
1182 2291 1492 2357 moveant,
1559 2283 1861 2366 quomodo
1919 2292 2021 2348 aut
2076 2284 2352 2348 Christus
2400 2304 2473 2348 ea

148 2393 352 2457 dicere
411 2398 473 2457 et
510 2391 856 2473 juramento
906 2391 1262 2456 confirmare
1322 2391 1563 2476 (Matth.
1619 2392 1821 2467 XXIV,
1863 2389 1968 2458 34.
2023 2391 2152 2470 35.)
2195 2394 2476 2474 potuerit,

148 2520 302 2584 quae
341 2519 453 2584 seu
481 2501 670 2574 aliter,
718 2519 831 2564 seu
860 2502 1108 2563 omnino
1146 2519 1269 2563 non
1300 2505 1603 2575 evenisse,
1650 2503 1705 2563 si
1752 2501 2002 2583 quidem
2046 2502 2477 2582 permultorum

145 2609 322 2688 hujus
388 2613 596 2673 aetatis
661 2610 1063 2689 interpretum
1123 2610 1377 2689 vestigia
1446 2611 1757 2690 sequeris,
1817 2610 1879 2671 in
1930 2616 2138 2690 aperto
2200 2612 2312 2683 sit,
2379 2616 2481 2672 aut

150 2717 452 2799 quomodo
513 2702 790 2798 Apostoli
862 2718 1208 2799 Sapientiae
1267 2716 1551 2799 discipuli
1612 2737 1816 2780 errore
1882 2719 2266 2783 intaminatae
2336 2735 2477 2779 esse
2525 2791 2529 2798 ,

153 2825 458 2904 potuerint
504 2829 565 2886 et
617 2824 1005 2905 inspiratione
1055 2826 1127 2886 ea
1188 2823 1490 2904 gaudere,
1564 2826 1679 2905 qua
1706 2823 1845 2904 jure
1897 2827 2139 2904 gavisos
2191 2843 2330 2888 esse
2372 2843 2479 2887 eos

154 2932 431 2994 Ecclesia
491 2931 816 2993 christiana
880 2928 1154 3003 confidit,
1211 2933 1266 2992 si
1323 2931 1710 2996 Servatorem
1768 2931 1979 2994 fallere
2036 2931 2284 3013 fallique
2339 2950 2479 2994 nes-

118 3042 321 3101 ‘cium
393 3040 456 3108 in
529 3040 708 3100 causa
775 3036 937 3100 haud
1013 3056 1161 3100 sane
1234 3040 1415 3118 parva
1487 3040 1567 3101 ita
1622 3037 2049 3103 intellexerunt
2076 3086 2092 3112 ,
2158 3046 2225 3101 ut
2277 3056 2480 3101 errore

160 3146 421 3211 evidenti
465 3145 779 3210 videantur
815 3152 876 3207 et
920 3146 1194 3208 imbuere
1240 3153 1570 3226 posteros,·
1601 3153 1662 3209 et
1698 3147 1895 3210 teneri
1933 3147 2091 3228 ipsi?
2154 3148 2383 3210 Rursus
2424 3152 2486 3207 et

161 3273 196 3316 e
243 3252 537 3315 contrario
582 3258 810 3314 tantum
857 3250 1040 3314 effata
1084 3251 1189 3314 illa
1235 3251 1459 3314 habere
1515 3251 1796 3315 videntur
1842 3243 2223 3333 caliginis,
2270 3260 2337 3315 ut
2383 3271 2483 3315 ex-

157 3361 395 3441 plicatio
441 3361 644 3440 plana,
705 3378 827 3420 non
872 3365 1168 3433 tortuosa,
1228 3360 1454 3434 facilis,
1516 3378 1640 3422 non
1683 3361 1972 3435 violenta,
2037 3359 2372 3443 eademque
2422 3366 2484 3423 et

163 3470 506 3548 exegeticae
555 3472 617 3528 et
661 3466 1030 3528 christianae
1079 3467 1494 3529 conscientiae
1540 3467 1769 3548 pariter
1813 3466 2085 3530 arridens
2140 3469 2482 3532 etiamnunc

162 3583 300 3657 post
360 3582 450 3638 tot
508 3575 857 3637 seculorum
918 3575 1158 3638 labores
1222 3577 1505 3655 impense
1566 3593 1601 3637 a
1662 3576 1867 3639 multis
1928 3577 2137 3657 quaeri
2187 3576 2481 3641 videatur.

165 3682 274 3744 Cui
320 3683 492 3762 operi
545 3683 945 3761 insequentes
995 3699 1235 3763 quoque
1281 3682 1535 3762 paginae
1584 3699 1727 3744 sese
1778 3681 2136 3764 adjungent,
2184 3702 2306 3746 non
2350 3689 2483 3744 tan-

166 3807 346 3870 quam
388 3790 695 3868 fastigium
737 3789 1130 3869 impositurae
1175 3790 1269 3852 rei
1313 3805 1462 3853 sane
1511 3790 1765 3864 arduae,
1804 3791 1916 3854 sed
1953 3809 2146 3871 pauca
2186 3788 2482 3874 quaedam

167 3899 479 3979 hucusque
526 3897 803 3976 neglecta
844 3897 908 3959 in
954 3897 1225 3961 medium
1268 3899 1629 3979 prolaturae.
2337 3959 2345 3966 .

338 4003 739 4085 Multiplicem
784 4002 1235 4085 Theologorum
1283 4023 1530 4086 operam
1586 4006 1649 4067 in
1692 4007 1807 4069 hac
1853 4024 1917 4068 re
1968 4004 2282 4069 enodanda
2325 4008 2528 4088 posi--

170 4118 286 4175 tam
332 4113 683 4196 singillatim
728 4131 1009 4176 enarrare
1059 4121 1121 4177 et
1163 4132 1496 4178 recensere
1552 4114 1803 4195 longum
1849 4123 1961 4178 est.
2052 4115 2485 4189 Nihilosecius,

172 4238 355 4300 quum
399 4239 515 4283 usu
565 4227 876 4301 expertum
926 4222 1207 4295 habeam,
1276 4228 1564 4303 quantum
1617 4218 1773 4284 lucis
1829 4218 2148 4300 majorum,
2210 4228 2489 4289 ‚veterum

170 4327 492 4407 praecipue
536 4324 776 4390 Patrum
837 4326 1156 4391 Ecclesiae
1220 4327 1390 4389 labor
1436 4327 1586 4390 *loco
1650 4333 1857 4388 nostro
1916 4325 2219 4402 affuderit,
2295 4346 2367 4391 ex
2418 4344 2485 4391 re
2555 4343 2562 4350 ·

2033 4425 2064 4485 1
