2934 4797
1308 232 1395 305 25

184 411 452 492 dejicere
501 413 756 497 ejusque
798 415 936 478 loco
986 416 1171 480 alium
1227 415 1528 497 quendam
1583 416 1766 478 totius
1821 424 2153 481 structurae
2185 402 2507 481 'rectorem

180 539 214 582 a
263 520 466 584 dextra
514 523 616 585 alii
662 542 698 586 a
745 524 988 587 sinistra
1034 524 1210 586 alteri
1261 525 1487 603 eligere
1538 532 1867 604 cuperent,
1933 529 2089 589 votis
2146 530 2274 611 suis
2331 528 2504 607 plane

183 627 556 693 exciderent.
659 630 946 709 Angulari
1005 629 1203 710 lapide
1263 630 1582 711 reprobato
1627 618 1827 694 'totius
1893 633 2178 694 orationis
2251 632 2508 713 ejusque

180 743 521 799 structurae
559 737 708 799 ordo
753 737 903 817 ipsis
932 739 1263 818 perturbari
1294 737 1598 803 debebat:
1644 740 1759 819 ipsi
1786 758 1931 803 vero
1968 741 2179 821 privati
2218 739 2508 803 orationis

176 844 510 918 intellectu,
558 846 745 926 gradu
791 849 965 928 quasi
1012 844 1243 926 dejecti
1291 854 1479 912 erant.
1554 847 1687 910 Hoc
1722 848 1855 929 ipso
1891 867 2073 912 versu
2108 849 2508 930 principalem

179 948 482 1030 quandam
527 954 711 1015 totius
741 955 1026 1016 orationis
1063 956 1178 1016 rite
1216 953 1658 1034 progredientis
1689 952 2033 1033 juncturam
2064 973 2204 1018 esse
2248 963 2308 1018 et
2347 974 2513 1018 com·

174 1060 500 1125 missuram
560 1063 815 1142 positivo
874 1061 1056 1124 modo
1117 1061 1386 1124 nondum
1449 1061 1925 1126 demonstratum
1985 1070 2096 1133 est.
2189 1063 2320 1125 Hoc
2364 1082 2512 1125 vero

179 1166 426 1231 elucere
480 1173 625 1247 puto
676 1187 747 1230 ex
791 1167 1154 1248 praedictis,
1220 1170 1530 1231 neminem
1577 1188 1825 1242 eorum,
1889 1171 1991 1249 qui
2051 1171 2226 1232 aliam
2274 1171 2512 1251 quaesi-

178 1283 416 1348 verunt,
475 1277 757 1337 orationis
799 1279 1181 1356 partitionem
1225 1278 1457 1340 salvum
1484 1295 1733 1341 manere
1762 1276 2036 1357 potuisse
2064 1279 2136 1339 ab
2178 1278 2510 1362 erroribus:

181 1399 396 1443 omnes
451 1383 666 1444 relicto
720 1382 858 1444 loco
917 1383 1020 1447 illo
1065 1385 1129 1445 in
1175 1384 1479 1446 lubricum
1523 1386 1783 1447 ‘abactos
1819 1401 2015 1457 -esse,
2076 1382 2234 1446 firmi
2293 1382 2512 1466 gradus

179 1487 384 1551 locum
429 1502 729 1570 nusquam
772 1490 926 1552 ultra
972 1497 1441 1572 consequentes.
2235 1546 2244 1551 -

358 1593 468 1659 Vix
512 1594 733 1667 refert,
793 1614 1004 1661 eorum
1050 1599 1427 1659 mentionem
1472 1596 1711 1669 facere,
1779 1597 1883 1677 qui
1930 1608 1965 1659 a
2008 1614 2190 1659 versu
2235 1594 2379 1659 inde
2425 1595 2509 1664 29

183 1700 260 1764 ad
301 1699 488 1765 finem
528 1712 727 1782 usque
770 1703 981 1783 capitis
1020 1701 1255 1765 diversa
1303 1707 1619 1782 segmenta
1670 1701 2113 1780 distinguentes
2150 1707 2287 1764 ante
2328 1721 2383 1765 v.
2428 1701 2512 1768 29

183 1810 401 1873 Christi
464 1811 764 1896 par-usiam
824 1810 899 1874 ad
963 1810 1329 1874 devastanda
1376 1811 1837 1891 Hierosolyma,
1881 1829 1937 1873 v.
2005 1808 2281 1877 29-——33
2345 1811 2515 1890 signa

180 1918 323 1981 finis
352 1915 562 1979 mundi
605 1917 830 1996 legunt,
875 1936 929 1980 v.
971 1915 1075 1982 34.
1108 1914 1212 1983 35.
1242 1931 1452 1981 rursus
1492 1917 1815 1981 adventum
1845 1917 2063 1980 Christi
2091 1915 2165 1979 ad
2190 1915 2511 1978 ferendum
2571 1970 2574 1979 .

185 2025 264 2088 de
310 2024 559 2088 Judaeis
606 2023 964 2107 judicium„
1006 2045 1060 2089 v·
1109 2024 1194 2092 36
1240 2026 1531 2088 nonnulla
1593 2023 1669 2086 de
1735 2032 2007 2105 tempore
2074 2024 2213 2087 finis
2278 2022 2512 2096 mundi,

184 2132 448 2214 denique
508 2153 574 2215 y.
661 2132 742 2199 37
818 2132 883 2195 ff.
953 2133 1295 2214 vigilantiae
1371 2131 1960 2199 commendationem
2033 2132 2110 2194 ob
2184 2132 2513 2196 instantem

185 2239 405 2302 Christi
451 2247 513 2302 et
556 2238 630 2302 ad
676 2240 944 2303 ¹ludaeos
991 2239 1332 2321 puniendos
1389 2240 1574 2303 etad
1623 2237 2163 2302 consummandum
2220 2238 2515 2302 mundum

182 2349 510 2428 perusiam.
589 2348 755 2412 Talia
791 2366 1022 2429 ponere
1063 2348 1442 2431 desperantis
1481 2356 1592 2424 est,
1640 2367 1759 2412 non
1799 2348 2207 2428 intelligentis.
2281 2347 2516 2411 Oratio-

185 2472 328 2515 nem
380 2455 647 2516 haberes
703 2455 1064 2530 dissectam,
1125 2457 1244 2518 huc
1291 2455 1436 2517 illuc
1480 2455 1894 2527 vacillantem
1958 2455 2313 2518 relationem
2362 2475 2512 2530 earn,

185 2579 343 2640 quae
372 2555 748 2625 confusionis
796 2565 941 2625 satis
989 2571 1153 2625 certa
1200 2564 1544 2627 testimonia
1587 2580 1733 2643 prae
1779 2580 1848 2623 se
1895 2561 2101 2625 ferret.
2148 2560 2514 2625 Matthaeum

188 2667 401 2741 dicunt
447 2668 624 2730 effata
674 2669 894 2732 Christi
942 2669 1164 2733 similia
1213 2677 1275 2732 et
1319 2673 1560 2732 interno
1604 2687 1791 2730 sensu
1834 2669 2223 2732 cohaerentia
2270 2672 2513 2749 conglo-

183 2777 330 2837 bare
362 2782 423 2837 et
449 2776 513 2836 in
542 2795 726 2838 unum
757 2776 1036 2857 redigere
1066 2778 1288 2841 solere.
1337 2776 1518 2851 Quod
1533 2778 1598 2840 si
1626 2794 1847 2850 sumas,
1888 2776 2283 2844 cur.defuerit
2310 2776 2431 2840 sibi
2458 2785 2516 2840 et

186 2902 223 2950 a
254 2901 321 2945 se
348 2884 481 2963 ipso
514 2883 856 2959 desciverit,
902 2903 1028 2947 non
1067 2893 1338 2966 cognata,
1387 2884 1500 2948 scd
1528 2879 1709 2965 longe
1741 2884 1950 2947 dissita
1981 2892 2044 2947 et
2068 2886 2247 2965 plane
2279 2884 2512 2948 diversa

190 2990 621 3070 conjungens?
671 3011 778 3054 cur
813 3012 847 3055 a
886 2996 1208 3056 servatoris
1246 3007 1435 3066 more,
1485 2996 1588 3075 qui
1623 3011 1775 3055 sane
1814 3010 1931 3054 nec
1966 2994 2313 3072 perturbate
2351 2993 2508 3074 loqui

190 3099 447 3170 solebat,
496 3116 614 3159 nec
654 3098 983 3163 desultorie
1014 3118 1223 3179 agere,
1269 3103 1635 3173 recesserit,
1685 3119 1853 3172 cum,
1897 3100 1953 3161 'si
1981 3098 2095 3161 sibi
2127 3101 2510 3174 constitisset,

196 3205 333 3265 sine
383 3203 565 3266 dubio
614 3212 676 3267 et
718 3205 907 3268 indoli
954 3226 1122 3285 suae,
1172 3215 1233 3270 et
1279 3225 1500 3270 causae
1539 3205 1910 3288 atquefidei
1956 3206 2281 3269 historicae
2326 3207 2512 3270 multo

192 3314 391 3393 magis
421 3312 808 3375 consuleret?
855 3313 1046 3377 Immo
1090 3314 1403 3378 fatendum
1449 3321 1612 3396 puto,
1659 3313 2033 3377 Matthaeum
2079 3331 2169 3384 ea,
2219 3331 2370 3394 quae
2415 3333 2511 3376 re-

192 3423 358 3495 tulit,
404 3424 587 3485 verba
634 3422 853 3485 Christi
892 3409 977 3486 ‘eo
1022 3442 1208 3486 sensu
1257 3426 1579 3497 sumsisse,
1624 3430 1688 3485 ut
1734 3441 1854 3484 non
1903 3423 2090 3484 saltus
2135 3422 2403 3485 incertos
2437 3424 2509 3483 -in

195 3516 463 3591 diversas
488 3538 701 3609 ,partes
729 3531 850 3592 huc
881 3536 943 3592 et
967 3531 1111 3593 illuc
1152 3529 1527 3604 deferentes,
1575 3529 1689 3592 sed
1732 3530 2066 3593 orationem
2097 3529 2314 3591 Christi
2357 3531 2509 3591 intra

195 3636 465 3724 affinium
508 3655 712 3698 rerum
756 3636 914 3699 fines
953 3646 1120 3700 certo
1168 3639 1380 3701 ordine
1429 3637 1856 3702 decurrentem
1917 3634 2169 3700 videret.
2262 3635 2388 3697 Sed
2432 3638 2512 3699 ita

196 3762 438 3825 quoque
485 3741 704 3824 duplex
748 3747 899 3806 ratio
944 3744 1324 3807 intercedere
1371 3752 1595 3826 potest,
1641 3761 1782 3808 nam
1831 3749 1933 3806 aut
1976 3744 2188 3805 relatio
2225 3740 2513 3807 Matthaei
2605 3815 2612 3822 ‚

199 3871 272 3916 ea
324 3858 454 3923 est,
503 3868 654 3931 quae
698 3858 868 3920 recte
912 3853 1219 3916 intellecta
1256 3862 1489 3917 certum
1515 3861 1581 3916 et
1607 3852 1952 3933 expeditum
1989 3852 2210 3914 referat
2234 3857 2512 3915 tenorem

199 3960 486 4022 orationis
533 3959 786 4033 Christi,
847 3960 1056 4023 fallere
1101 3960 1348 4042 fallique
1393 3963 1625 4034 nescii3
1675 3966 1778 4024 aut
1819 3959 2159 4024 Matthaeus
2207 3976 2307 4032 ea,
2356 3979 2510 4046 quae

199 4069 378 4145 longo
425 4067 772 4129 seculorum
813 4068 1126 4130 intervallo
1171 4066 1378 4132 dissita
1421 4075 1596 4142 sunt,
1644 4067 1923 4130 Judaicae
1952 4068 2152 4148 gentis
2182 4066 2421 4142 cladem
2453 4076 2511 4132 et

193 4172 484 4252 judicium
541 4183 871 4238 extremum
936 4176 1113 4237 simul
1174 4176 1456 4255 ingruere
1516 4178 1766 4254 putabat
1823 4174 2158 4254 eademque
2208 4175 2509 4240 Christum

203 4282 486 4345 docuisse
531 4280 818 4352 tradebat,
868 4288 931 4343 et
973 4284 1064 4345 sic
1104 4283 1530 4348 confusionem
1573 4283 1828 4346 habebis
1875 4282 2366 4357 inextricabilem,
2413 4301 2510 4346 va·
