2934 4797
1595 264 1679 327 82

485 441 738 522 quodam
786 442 1023 505 vinculo
1070 450 1169 503 aut
1213 450 1462 503 naturae
1501 441 1838 518 indolisque
1870 439 2258 502 similitudine
2290 440 2593 518 conjuncti
2628 450 2802 505 sunt.

483 549 612 609 Huc
658 546 960 607 referendi
1009 554 1151 608 sunt
1194 565 1403 608 rursus
1450 547 1572 607 loci
1617 538 1815 607 multi:
1864 544 2030 608 LXX.
2062 546 2150 607 Ps.
2180 546 2326 617 XIV,
2356 545 2425 611 5:
2473 546 2505 611 ὁ
2534 545 2690 620 θεὸς
2738 550 2809 612 ἐν

483 654 641 735 γενεᾷ
670 657 882 737 δικαίᾳ.
925 648 1122 724 XXIV,
1155 653 1213 720 6.
1255 654 1401 735 αὕτη
1434 653 1471 736 ἡ
1517 649 1678 735 γενεὰ
1723 652 2041 733 ζητούντων
2076 654 2289 718 αὐτῶν.
2338 654 2458 726 XII,
2486 657 2556 719 7:
2604 665 2805 735 διατη-

484 757 677 841 ρήσεις
721 759 875 832 ὑμᾶς
918 756 1035 823 ἀπὸ
1077 768 1180 841 τῆς
1204 768 1398 837 γενεᾶς
1429 759 1641 840 ταύτης
1667 778 1755 822 sc.
1782 767 2058 842 πονηρᾶς.
2121 758 2364 832 LXXIII,
2403 760 2499 824 15.
2530 770 2597 843 τῇ
2628 772 2806 842 γενεᾷ

483 874 598 929 τῶν
642 865 783 932 υἱῶν
827 891 939 930 σου
997 870 1032 927 i.
1085 886 1139 928 e.
1185 866 1442 927 filiorum
1491 865 1591 927 dei
1634 866 1912 927 familiae.
2010 865 2184 942 oxu,
2224 867 2282 930 2.
2338 866 2517 932 Γενεὰ
2562 870 2807 932 εὖθέων

397 960 400 964 Δ
486 969 956 1053 εὖλογηθήσεται.
1011 971 1132 1032 JeS.
1174 971 1315 1044 LXI,
1345 971 1405 1036 3.
1437 968 1827 1051 κληθήσονται
1854 973 2036 1052 γενεαὶ
2063 969 2442 1052 δικαιοσύνης.
2491 974 2797 1052 Sophonj.

485 1079 580 1149 111,
628 1077 690 1142 9.
766 1079 940 1140 Deut.
988 1078 1221 1150 XXXII,
1270 1078 1346 1142 5:
1410 1075 1571 1159 γενεὰ
1601 1075 1804 1142 σκολιὰ
1851 1080 1944 1141 καὶ
1981 1081 2403 1161 διεστραμμένη
2450 1081 2524 1149 οἱ.
2571 1099 2627 1141 v.
2677 1080 2800 1145 20.

482 1184 614 1246 Act.
663 1184 731 1257 11,
778 1181 896 1248 40:
957 1181 1193 1265 σώθητε
1229 1181 1347 1248 ἀπὸ
1384 1192 1485 1264 τῆς
1527 1191 1721 1265 γενεᾶς
1768 1189 2005 1256 σκολιᾶς
2042 1182 2253 1264 ταύτης
2350 1184 2497 1246 Phil.
2544 1184 2612 1257 11,
2671 1186 2803 1249 15:

483 1292 650 1356 τέκνα
710 1299 864 1355 θεοῦ
922 1289 1208 1372 ἀμώμητα
1270 1292 1330 1354 ἐν
1374 1292 1560 1370 μέσῳ·Ι
1600 1298 1794 1371 γενεᾶς
1858 1295 2094 1363 σκολιᾶς
2154 1292 2247 1354 καὶ
2315 1293 2801 1373 διεστραμμένης.

486 1397 700 1460 Matth.
745 1396 928 1470 XVII,
999 1397 1109 1462 17:
1176 1394 1223 1462 ὦ
1267 1394 1427 1479 γενεὰ
1472 1398 1719 1470 ἄπιστος
1767 1399 1862 1462 καὶ
1907 1399 2352 1480 διεστραμμένηέ
2412 1399 2618 1477 parall.
2669 1398 2799 1460 Mc.

485 1503 577 1574 lx,
632 1501 731 1568 19.
779 1503 883 1565 Lc.
931 1502 1024 1576 lx,
1065 1501 1196 1583 41.;
1256 1502 1460 1565 Matth.
1508 1502 1655 1576 XVI,
1717 1502 1791 1565 42
1853 1500 2032 1568 Γενεὰ
2088 1501 2313 1587 πονηρὰ
2372 1507 2468 1568 καὶ
2523 1490 2802 1588 μοιχαλὶς

486 1622 722 1691 σημεῖον
766 1609 1011 1691 ἐπιζητεῖ
1051 1610 1255 1689 parali.
1304 1609 1421 1672 Mc.
1486 1610 1647 1683 Vm,
1704 1609 1796 1673 12.
1874 1609 1994 1670 Mc.
2044 1610 2203 1683 VIII,
2252 1606 2372 1675 382
2436 1614 2501 1685 ὃς
2554 1609 2664 1694 γὰρ
2724 1616 2804 1676 ἄν

484 1717 838 1800 ἐπαισχυνθῇ
866 1741 938 1794 με
983 1715 1078 1778 καὶ
1121 1711 1258 1787 τοὺς
1302 1710 1481 1792 ἐμοὺς
1527 1713 1732 1795 λόγους
1777 1715 1837 1779 ἐν
1871 1723 1940 1796 τῇ
1983 1721 2142 1797 γενεᾷ
2176 1715 2356 1799 ταύτῃ
2386 1724 2457 1797 τῇ
2500 1719 2803 1801 μοιχαλίδι
2895 1792 2896 1795 ¹

485 1825 580 1888 καὶ
641 1823 1000 1902 ἁμαρτωλῷ,
1068 1823 1284 1900 quibus
1347 1822 1675 1900 comparari
1736 1827 1989 1899 possunt
2050 1821 2253 1883 Matth.
2302 1823 2396 1894 ΙΙΙ,
2453 1825 2516 1887 7.
2575 1823 2795 1885 Matth.
2895 1822 2896 1859 ³

486 1928 697 1998 XXIII,
760 1926 864 1991 33.
909 1926 1222 2008 γεννήματα
1268 1926 1518 2011 ἐχιδνῶν.
1612 1926 1757 1989 Luc.
1803 1928 1951 1998 XVI,
1999 1928 2071 1994 82
2156 1929 2214 1992 οἱ
2256 1929 2372 1992 υἱοὶ
2417 1938 2525 1993 τοῦ
2559 1932 2798 2009 ,αιόὄνος

485 2035 698 2100 τούτου
757 2032 1181 2118 φρονιμώτεροι
1232 2034 1377 2116 ὑπὲρ
1436 2030 1576 2106 τοὺς
1637 2030 1800 2107 υἱοὺς
1860 2042 1965 2097 τοῦ
2027 2032 2224 2116 φωτὸς
2280 2039 2363 2108 εἷς
2438 2033 2537 2116 τὴν
2600 2033 2804 2117 γενεὰν

486 2139 584 2222 τὴν
628 2140 850 2205 ἑαυτῶν
895 2144 1022 2205 εἰσι.
1115 2142 1228 2203 Hic
1275 2160 1515 2221 quoque
1560 2139 1720 2222 γενεά
1756 2143 1935 2221 plane
1982 2142 2143 2203 idem
2192 2161 2331 2205 esse
2390 2162 2461 2205 ac
2517 2163 2800 2224 genuS,

487 2247 892 2329 (Geschlechss
939 2251 1086 2325 Art),
1135 2256 1349 2326 sponte
1395 2256 1657 2327 apparet.
1752 2247 1938 2326 Cujus
1993 2248 2446 2328 significationis
2513 2252 2796 2331 exempla

486 2336 657 2416 effert
699 2354 993 2433 Spitzner‚
1043 2372 1115 2416 ex
1158 2355 1291 2419 aliis
1339 2353 1726 2434 scriptoribus
1771 2356 1958 2434 petita
2005 2356 2047 2417 l.
2095 2373 2147 2417 c.
2223 2355 2305 2418 Ex
2350 2356 2615 2420 Homero
2644 2376 2803 2420 con-

481 2463 620 2523 ferri
677 2468 895 2540 potest.
963 2462 1037 2524 ΙΙ.
1086 2467 1167 2533 Ζ,
1222 2458 1364 2526 146.
1416 2458 1595 2528 149.2
1667 2463 1775 2542 Οἴη
1820 2484 1928 2544 περ
1982 2462 2212 2543 φύλλων
2255 2459 2410 2544 γενεὴ
2452 2465 2647 2544 τοιήδε
2698 2466 2799 2529 καὶ

485 2569 741 2650 ἀνδρῶν,
820 2574 882 2629 et
959 2567 1223 2632 derivata
1284 2568 1581 2649 quaedam
1650 2570 1863 2640 verba,
1928 2575 1992 2630 ut
2058 2575 2350 2650 γενεῆθεν,
2420 2577 2798 2652 γενεαλογεῖν.

485 2671 708 2734 Herod.
756 2672 828 2734 11.
880 2672 1019 2740 146.
1588 2692 1594 2697 “

658 2778 978 2854 Ρτεεῑεῐεε
1022 2798 1135 2843 vox
1178 2781 1340 2862 γενεά
1381 2799 1502 2842 non
1550 2799 1658 2841 eos
1706 2780 1938 2852 solum,
1986 2783 2087 2860 qui
2125 2771 2432 2861 sanguinis
2462 2785 2791 2863 stirpisque

486 2892 584 2947 aut
629 2883 880 2955 indolis,
944 2884 1055 2947 sed
1103 2887 1281 2947 etiam
1329 2888 1426 2966 qui
1473 2888 1822 2964 temporis
1869 2903 1979 2946 seu
2025 2890 2291 2947 aetatis
2344 2888 2587 2949 vinculo
2645 2898 2796 2950 sunt

488 2990 807 3069 conjuncti,
857 2990 1129 3055 denotats
1194 2993 1296 3054 Sic
1347 3001 1439 3054 est
1484 2993 1699 3053 simul
1742 2993 2151 3053 viventium
2198 2997 2372 3073 quasi
2411 2995 2692 3055 collectio
2732 3003 2795 3055 et

488 3099 706 3161 unitas.
801 3095 931 3170 Qua
989 3101 1219 3160 ratione
1273 3101 1325 3158 si
1384 3115 1494 3159 vox
1553 3097 1715 3178 γενεά
1774 3098 2026 3175 respicit
2081 3099 2321 3177 tem'pus
2378 3101 2789 3179 praeteritum,

490 3214 591 3268 aut
630 3213 899 3283 tempore
946 3205 1297 3283 praeterita,
1345 3204 1533 3265 habes
1579 3205 1888 3265 hominum
1933 3206 2196 3282 priorum
2242 3211 2471 3268 aetates
2501 3207 2629 3281 (die
2667 3206 2791 3268 frti-
2893 3205 2894 3240 l

489 3312 638 3373 hern
684 3308 1205 3392 Generationen):.
1254 3310 1304 3370 si
1347 3310 1643 3381 futurum,
1707 3316 2088 3388 posterorum
2142 3309 2263 3390 (die
2320 3312 2620 3392 kiinftigen
2671 3312 2793 3374 Ge·
2893 3309 2894 3390 3

491 3419 891 3495 schlechter):
953 3420 1003 3480 si
1049 3436 1358 3498 praesens,
1406 3416 1592 3480 habes
1640 3418 2011 3494 aequales.
2106 3417 2421 3481 Praeterea
2471 3438 2611 3481 cum
2655 3439 2793 3499 pro-

441 3591 445 3598 ,
489 3535 799 3605 gnatorum
854 3524 1125 3596 series,
1192 3525 1291 3603 qui
1356 3530 1418 3583 et
1478 3517 1593 3602 ipsi
1646 3540 1854 3584 rursus
1914 3483 2233 3601 gfflemnt,
2304 3526 2477 3586 simul
2539 3527 2796 3589 involvat

490 3634 780 3711 temporis
828 3631 1173 3703 decursum,
1236 3631 1301 3694 αἱ
1350 3631 1538 3710 γενεαί
1582 3631 1759 3690 etiam
1806 3629 2146 3708 significant
2198 3636 2487 3712 temporis
2542 3634 2790 3712 longum
2891 3671 2892 3696 ;

489 3737 987 3816 indefinitumque
1062 3739 1337 3816 spatium.
1459 3734 1638 3809 Quod
1706 3738 2005 3798 incertum
2076 3744 2317 3816 tempus
2392 3747 2454 3801 et
2513 3738 2792 3806 indefini·
2891 3747 2892 3752 ’

491 3853 617 3907 tum
653 3850 893 3906 secatur
939 3850 999 3905 et
1028 3841 1322 3916 definitur,
1370 3845 1424 3903 si
1462 3840 1918 3913 animadvertam,
1967 3859 2086 3903 non
2114 3861 2239 3905 uno
2276 3851 2487 3906 tenore
2519 3846 2791 3908 defluere
2891 3825 2892 3832 ἵ

494 3970 685 4031 genus
732 3952 1072 4021 humanum,
1120 3950 1233 4011 sed
1278 3948 1459 4011 dividi
1507 3946 1640 4025 ejus
1687 3946 2012 4009 decursum
2056 3950 2547 4029 inspatiacerta,
2597 3971 2792 4033 eaque

496 4060 614 4121 sihi
656 4059 854 4137 paria,
921 4074 1104 4137 quum
1151 4059 1315 4118 certa
1360 4054 1618 4135 quadam
1661 4055 1798 4134 lege
1845 4057 2275 4133 generantibus
2313 4059 2643 4122 succedant
2689 4079 2795 4139 ge-

496 4162 685 4224 nerati
731 4170 792 4224 et
835 4164 1162 4224 universim
1220 4167 1281 4222 et
1334 4158 1537 4240 quoad
1579 4159 1982 4236 generationis
2030 4160 2317 4226 officium.
2410 4164 2514 4256 lta.
2548 4169 2792 4245 generis

364 4331 373 4344 ,
490 4269 741 4334 humani
788 4285 899 4329 seu
944 4268 1151 4351 populi
1193 4265 1447 4345 alicujus
1485 4265 1599 4325 vita
1647 4262 1938 4326 dirimitur
1981 4265 2039 4325 in
2087 4269 2255 4345 paria
2288 4272 2496 4347 spatia,
2540 4289 2690 4351 quae
2738 4280 2796 4332 et
