2934 4797
1544 232 1627 301 76

348 480 357 495 ,
431 435 581 479 num
627 414 1038 503 et‘contextui
1085 414 1159 476 ab
1206 372 1454 493 utraque
1493 416 1658 495 parto
1707 430 2072 485 consonum,
2120 408 2382 494 denique
2412 412 2658 476 Christo
2704 420 2784 476 et

431 523 742 607 principiis
803 521 879 585 ab
933 540 1007 584 eo
1067 521 1393 603 propositis
1453 519 1700 602 dignum
1767 523 1848 583 ita
1910 519 2156 583 demum
2220 520 2361 582 elici
2427 528 2619 605 patet,
2695 527 2777 583 ut
2891 542 2892 551 ¹

431 627 627 715 γενεάν
678 638 881 692 vertas
933 631 1247 691 hominum
1308 647 1500 709 genus
1561 647 1674 691 seu
1739 618 2002 711 gentem.
2097 629 2224 692 Sed
2291 648 2368 692 an
2423 647 2535 694 vox
2589 624 2782 711 γενεὰ

433 739 597 801 hunc
641 755 896 798 sensum
943 735 1248 807 admittat,
1307 734 1482 819 valde
1534 735 1777 798 dubium
1823 735 2088 811 videtur,
2155 755 2295 801 cum
2356 739 2778 819 interpretum

434 863 654 926 magna
701 841 1017 906 multitudo
1064 842 1128 904 id
1163 841 1341 924 plane
1390 849 1618 906 vetet.“

616 949 814 1027 Quare
857 969 1082 1032 operae
1117 953 1380 1033 pretium
1410 969 1553 1012 esse
1601 949 1898 1024 duximus,
1949 930 2365 1032 disput‘ationis
2400 949 2511 1012 fini
2549 968 2782 1012 excur-

446 1077 576 1122 sum
644 1056 912 1136 adjicere
977 1055 1055 1118 de
1116 1072 1266 1153 voce
1329 1054 1515 1139 γενεά.
1613 1057 1767 1120 Nam
1826 1065 1892 1121 ut
1953 1058 2250 1139 ingenue,
2320 1056 2480 1137 quod
2539 1057 2780 1128 sentio,
2825 1128 2834 1135 ,

435 1168 644 1237 fatear,
693 1159 1135 1244 superstitione
1185 1163 1437 1244 quadam
1494 1165 1804 1247 exegetica
1866 1171 1968 1227 aut
2003 1183 2244 1248 -pavore
2299 1163 2561 1246 quodam
2605 1182 2779 1226 vano

438 1275 658 1337 multos
716 1273 778 1333 in
833 1272 946 1334 hac
997 1290 1064 1334 re
1122 1280 1327 1353 captos
1384 1290 1553 1345 esse,
1622 1291 1690 1334 re
1750 1260 2107 1336 accuratius·
2145 1274 2418 1354 inspecta
2471 1271 2619 1334 mihi
2680 1271 2775 1334 vi-

441 1381 608 1445 disse
644 1377 873 1443 videor.
1202 1462 1205 1471 .
1419 1382 1427 1389 ’
2458 1358 2462 1362 ’

615 1489 747 1552 Vox
789 1485 954 1571 γενεά
1000 1506 1124 1550 non
1158 1505 1342 1550 unam
1388 1486 1570 1550 habet
1616 1487 2138 1567 significationem,
2188 1487 2298 1551 sed
2335 1488 2559 1568 plures,
2608 1490 2774 1568 quas

444 1603 504 1662 et
547 1600 823 1657 veterum
868 1596 1038 1657 multi
1085 1594 1313 1677 (Schol.
1357 1594 1437 1656 ad
1483 1593 1659 1656 Hom.
1705 1570 1777 1656 jl.
1831 1600 1907 1687 Δ,
1943 1592 2050 1660 60.
2113 1595 2312 1692 Apoll.
2342 1594 2485 1657 Lex.
2515 1613 2573 1674 p.
2607 1593 2768 1658 203.

444 1702 835 1784 Etymologic.
898 1705 990 1785 Μ.
1051 1699 1310 1779 225,31.
1378 1702 1764 1765 Phavorinus‘
1800 1697 2061 1780 409,44.
2126 1703 2341 1767 Zonar.
2395 1698 2632 1781 1,427.)
2708 1706 2767 1762 et

442 1806 851 1875 recentiorum
897 1809 989 1890 (V.
1039 1809 1277 1871 Suiceri
1323 1809 1672 1872 Thesaurus
1712 1828 1762 1871 s.
1807 1829 1862 1873 v.
1906 1807 2074 1892 γενεά
2108 1844 2192 1889 ·····.
2241 1776 2528 1897 §tephani
2574 1808 2770 1870 Thes.

454 1918 552 1982 ed.
589 1916 750 1981 Hase
789 1924 853 1979 et
893 1917 1182 1991 Dindorf.;
1228 1917 1483 1999 Raphel.
1529 1917 1810 1981 Annotat.
1857 1918 1919 1979 in
1965 1918 2027 1978 S.
2070 1918 2288 1998 Script.
2340 1937 2411 1979 ex
2455 1916 2772 1979 Herodoto

384 2032 391 2053 “
454 2026 698 2088 collect.
753 2023 938 2088 1731.
996 2022 1072 2087 ad
1129 2022 1340 2087 Matth.
1388 2023 1463 2097 1‚·
1502 2023 1604 2089 17.
1653 2044 1712 2107 p.
1768 2022 1913 2090 118.
1962 2020 2237 2090 119.‘ad
2279 2026 2412 2086 Act.
2459 2022 2607 2096 XIV,
2664 2020 2770 2088 16.

453 2152 510 2213 p.
561 2127 712 2199 364.
779 2134 996 2197 Annot.
1029 2148 1101 2193 ex
1127 2131 1402 2212 Xenoph.
1438 2130 1625 2198 1720.
1656 2151 1717 2213 p.
1748 2129 1808 2195 2.
1848 2150 1919 2194 ex
1944 2131 2147 2213 Poryb.
2175 2139 2241 2195 et
2265 2131 2540 2205 Arriano,
2576 2129 2772 2197 1715.

449 2260 509 2322 p.
546 2239 601 2314 1,
632 2257 723 2321 sq.
756 2236 902 2304 585.
977 2238 1259 2301 Homer.
1315 2236 1392 2300 Jl.
1443 2238 1541 2303 ed.
1592 2238 1870 2318 Spitzner
1912 2238 2045 2301 Vol.
2086 2238 2131 2311 I,
2179 2237 2241 2305 3.
2282 2240 2528 2301 Excurs.
2578 2237 2650 2301 ad
2700 2239 2769 2312 E,

332 2413 349 2422 ,
457 2347 609 2416 270.
656 2347 946 2420 Loesner‚
987 2346 1282 2410 observat.
1336 2346 1429 2409 ad'
1452 2345 1528 2412 N.
1558 2345 1629 2410 T.
1660 2364 1696 2409 e
1740 2344 1992 2408 Philone
2037 2344 2438 2412 Alex.·1777.
2477 2364 2537 2428 p.
2582 2345 2638 2411 1.
2674 2344 2772 2429 2.)

451 2460 796 2538 tractatum.
869 2456 995 2518 Sed
1040 2474 1257 2537 parum·
1292 2457 1450 2518 inter
1494 2473 1638 2518 sese
1685 2458 2073 2518 consentiunt
2118 2462 2179 2520 et
2224 2457 2423 2538 quoad
2452 2474 2773 2518 numerum

458 2583 695 2638 earum,
759 2570 822 2627 et
878 2563 1079 2642 quoad
1128 2564 1293 2626 alius«
1327 2582 1400 2625 ex
1443 2563 1561 2626 alia
1615 2563 2074 2628 derivationem.
2168 2564 2372 2628 Sch'ol.
2426 2563 2674 2627 Homer.
2732 2564 2772 2627 l.
2823 2615 2830 2628 .

457 2692 511 2736 c.
558 2675 639 2735 ita
675 2678 980 2734 numerat:
1038 2668 1254 2749 ἡλικία,
1302 2670 1578 2752 εὐγένεια,
1624 2675 1866 2752 ἔκγονοι,
1909 2668 2391 2756 πατρίς,κχρόνος
2427 2669 2774 2754 ὡρισμένος,

459 2777 652 2863 φύσις,
696 2775 956 2851 ἐνιαυτὸς
1001 2773 1166 2862 παρὰ
1222 2787 1351 2850 τοῖς
1396 2777 2025 2861 vemve'qmg..Etym01.
2073 2776 2157 2841 M.
2205 2780 2285 2839 ita
2303 2796 2321 2838 ἐ
2387 2774 2456 2842 τὸ
2509 2785 2627 2842 πᾶν
2679 2778 2771 2840 ἀν-

456 2885 721 2971 θρώπων
762 2886 940 2969 γένος,
987 2886 1250 2968 εὐγένεια,
1296 2883 1503 2967 ἡλικία,
1549 2881 1836 2969 πρόγονοι,
1882 2888 2119 2967 ἔκγονοι,
2160 2882 2449 2967 διάστημα
2463 2881 2506 2970 ’χ
2527 2911 2560 2969 ρ
2582 2882 2616 2950 ό
2635 2910 2664 2948 ν
2684 2909 2718 2948 o
2737 2910 2772 2948 υ

459 3003 576 3060 τῶν
602 2991 681 3075 μὴ
708 2994 826 3059 κατ’
852 2991 1000 3057 αὐτὸ
1021 2990 1407 3075 βεβιωκότων.
1466 2992 1763 3073 Spitzner‚
1796 2995 1897 3074 qui
1927 2993 2207 3074 singulari
2235 2991 2540 3071 diligentia
2561 3010 2773 3053 vocem

461 3109 727 3164 nostram
774 3117 913 3161 cum
958 3098 1235 3162 affinibus
1274 3098 1478 3183 (γένος,
1522 3098 1784 3183 γενέθλη)
1831 3097 2059 3171 tractat,
2107 3099 2267 3160 hunc
2296 3100 2465 3179 ponit
2496 3090 2771 3160 ordinem

464 3218 524 3272 et
569 3225 915 3270 numerum:
987 3206 1041 3271 1.
1103 3193 1313 3287 genus⁴
1357 3213 1420 3269 et
1471 3207 1735 3284 natales,
1785 3206 2010 3286 οὔνομα
2053 3206 2149 3274 καὶ
2191 3201 2365 3288 γενεή.
2448 3203 2509 3267 2.
2556 3207 2768 3285 patria.

463 3315 524 3383 3.
555 3333 836 3400 propago,
875 3317 1235 3378 necessarii.
1311 3314 1458 3388 Inde
1499 3322 1562 3376 et
1597 3332 2024 3396 nonnunquam
2057 3341 2137 3371 =
2167 3313 2443 3396 εὐγένεια,
2502 3317 2566 3373 et
2604 3311 2770 3373 fami-

462 3425 583 3487 liae
610 3432 784 3505 typus
811 3423 994 3506 (αὐτῷ
1012 3420 1119 3509 γὰρ
1144 3420 1332 3508 γενεὴν
1357 3409 1596 3508 ἄγχἰστα
1622 3419 1785 3504 ἐῴκει
1814 3420 2039 3507 (Hom.)
2069 3441 2257 3504 germ.
2284 3423 2378 3484 ins
2405 3420 2770 3486 Geschlecht

465 3530 703 3616 sehen.)
752 3547 835 3579 -ὲ-
917 3528 978 3596 4.
1026 3531 1246 3595 Posiae
1292 3531 1663 3613 posteriores
1722 3548 1755 3592 a
1809 3531 2017 3593 sobole
2067 3530 2143 3593 ad
2188 3531 2388 3611 ipsum
2430 3538 2666 3612 partum
2711 3535 2772 3592 et

465 3644 796 3723 genituram
840 3637 1027 3725 γενεήν
1072 3641 1518 3704 transtulerunt.
1608 3638 1909 3702 Homerus
1961 3658 2070 3719 pro
2129 3645 2297 3719 partu
2346 3638 2524 3700 habet
2567 3632 2765 3720 γενετὴ.

466 3749 528 3815 5.
560 3766 827 3832 genera
864 3733 1219 3830 populorum
1247 3749 1344 3812 vel
1391 3746 1755 3818 animalium,
1784 3746 1927 3828 γένη,
1954 3748 2160 3818 Arten,
2208 3744 2351 3808 ideo
2392 3746 2578 3807 etiam
2612 3743 2770 3806 idem

469 3857 629 3939 quod
672 3839 941 3929 indoles,
997 3862 1206 3919 natura
1270 3852 1470 3938 (φύσις
1516 3853 1720 3916 Schol.
1767 3851 1968 3934 Hom.)
2053 3850 2114 3917 6.
2176 3852 2360 3916 Sexto
2407 3852 2666 3934 denique
2711 3857 2771 3914 et

469 3967 679 4029 ultimo
742 3967 879 4028 loeo
946 3963 1119 4047 ponit
1181 3962 1721 4044 significationem:
1779 3962 2119 4043 aequalium
2189 3980 2301 4025 seu
2359 3972 2596 4035 eorum,
2639 3960 2768 4041 'qui

471 4081 664 4139 aetate
710 4080 849 4136 sunt
891 4089 1102 4154 pares3
1157 4078 1218 4135 et
1260 4069 1404 4132 inde
1452 4071 1780 4143 „aetatiS.“
2087 4065 2104 4074 “

647 4180 862 4261 Magna
907 4198 1053 4242 sane
1102 4185 1197 4243 est
1251 4178 1473 4256 familia
1509 4178 1831 4242 verborum
1876 4173 2175 4253 affinium,
2219 4193 2389 4259 'quae
2444 4179 2645 4258 omnia
2692 4171 2767 4236 de
