2934 4797
1561 233 1658 305 ’30

459 432 720 482 censeo..
808 412 891 481 Τὸ
950 415 1126 493 τέλος
1185 413 1346 476 enim
1391 430 1445 476 v.
1495 410 1535 479 6
1591 413 1736 496 (ἀλλ’
1790 411 1955 476 οὔπω
2000 410 2125 476 ἐστὶ
2169 405 2239 474 τὸ
2276 403 2466 488 τέλος)
2526 402 2813 482 respicit

456 521 530 584 ad
581 517 674 602 τὴν
722 522 1050 589 συντέλεια-ι
1093 529 1200 585 τοῦ
1246 523 1461 594 αἰῶνος
1505 539 1562 583 V.
1612 519 1650 585 3
1699 519 1801 602 (cf.
1845 520 1993 583 Luc.
2029 516 2176 590 XXI,
2226 515 2287 583 9.
2332 513 2455 577 Me.
2490 511 2642 583 xlll,
2697 507 2807 591 7).

458 626 778 702 Quomodo
822 648 966 693 vero
1008 625 1081 694 τὸ
1127 628 1296 702 τέλος
1338 627 1555 692 Matth.
1605 645 1656 690 v.
1713 623 1795 693 14
1839 627 1959 690 alio
2020 642 2209 687 sensu
2264 622 2459 701 accipi
2514 615 2808 698 posset?

452 733 814 796 Praesertim
861 753 1000 797 cum
1046 734 1181 797 finis
1228 734 1598 814 respondeat
1642 734 1851 804 initio,
1899 729 1968 797 τὸ
2015 732 2185 804 τέλος
2229 728 2515 807 respiciat
2559 725 2639 787 ad
2688 719 2812 804 τὴν

453 837 688 924 ἀρχὴν
730 849 847 907 τῶν
892 843 1115 907 ciceron
1159 841 1360 905 Matth.
1402 841 1606 914 XXIV,
1650 840 1713 906 8.
1778 839 1897 903 Mc.
1946 839 2096 912 Xlll,
2146 837 2205 910 9,
2256 843 2316 899 et
2361 836 2541 916 longa
2594 851 2806 895 even-

454 952 627 1008 tuum
665 948 856 1014 series
894 950 1194 1028 pertineat
1216 946 1301 1010 ·ad
1328 948 1449 1011 has
1488 946 1749 1022 αἰδῖναςῖ
1796 944 1985 1011 Multa
2028 951 2345 1026 praeterea
2385 944 2538 1004 haec
2584 941 2806 1002 series

457 1161 629 1212 dicere
666 1161 1012 1225 praedicatum
1048 1176 1172 1211 esse
1201 1161 1310 1223 jam
1347 1158 1667 1224 evangelium
1704 1157 1853 1225 regui
1888 1157 1939 1209 in
1976 1161 2085 1209 toto
2122 1157 2275 1221 orbe,
2328 1155 2379 1205 in
2430 1151 2801 1205 testimonium

460 1251 690 1301 omnibus
729 1249 986 1315 gentibus,
1023 1252 1393 1318 consequenter
1429 1247 1602 1300 dicere
1632 1247 1846 1312 poterit,
1884 1250 1936 1297 et
1971 1246 2100 1314 quod
2136 1244 2237 1295 ait:
2275 1247 2430 1312 „tunc
2469 1241 2571 1292 erit
2604 1237 2804 1304 finis‚“

449 1341 558 1401 jam
604 1339 754 1388 finem
800 1338 1017 1388 venisse
1062 1339 1191 1404 quod
1236 1338 1405 1388 dicere
1450 1337 1762 1388 temeritatis
1809 1340 1893 1386 est
1939 1351 2172 1400 magnae.
2209 1362 2280 1372 -—
2317 1334 2485 1395 Quare
2524 1329 2801 1394 Origenes

460 1442 649 1478 versus
687 1426 861 1477 4-14
899 1442 998 1478 non
1037 1428 1102 1477 ad
1134 1433 1334 1493 tempus
1372 1430 1489 1477 ante
1526 1424 2006 1492 Hierosolymorum
2042 1423 2245 1495 ruinam
2280 1423 2508 1487 elapsum
2549 1416 2805 1470 'restrin-

466 1513 575 1579 git,
613 1514 707 1564 sed
741 1514 896 1580 longe
931 1515 1090 1565 latius
1128 1519 1179 1565 et
1217 1515 1279 1564 ad
1318 1530 1464 1564 suam
1500 1526 1691 1581 quoque
1728 1512 1896 1578 ipsius
1937 1516 2158 1563 aetatem
2194 1525 2289 1561 eos
2328 1514 2505 1574 patere
2542 1511 2806 1559 autumat.

465 1603 628 1665 cnjus
657 1602 916 1669 opinionis
947 1604 1206 1659 asseclam
1233 1603 1388 1656 habet
1413 1602 1817 1657 Ambrosium
1844 1602 2062 1667 (Comm.
2090 1601 2141 1653 in
2164 1601 2287 1652 Luc.
2307 1598 2449 1664 XXI,
2485 1598 2520 1650 l.
2558 1614 2603 1651 c.
2641 1596 2801 1659 202).

463 1693 553 1744 Ait
588 1693 723 1744 enim
761 1694 823 1744 ad
859 1709 910 1744 v.
950 1693 997 1744 6.
1038 1692 1360 1762 7.'„Quanta
1394 1692 1594 1761 proelia
1630 1697 1682 1743 et
1716 1697 1934 1760 quantas
1986 1690 2253 1758 opiniones
2299 1687 2577 1755 accipimus
2623 1701 2799 1752 prce-

460 1778 672 1832 liorum!
712 1781 883 1831 Hunni
922 1781 972 1831 in
1010 1769 1240 1846 Alanos,
1276 1780 1429 1833 Alani
1469 1779 1521 1831 in
1559 1780 1810 1847 Gotthos‚
1854 1778 2032 1830 Gotthi
2068 1778 2119 1829 in
2156 1777 2389 1829 Taifalos
2428 1780 2480 1829 et
2517 1776 2799 1828 Sarmatas

464 1866 906 1920 insurrexerunt.“
988 1868 1065 1918 En
1118 1868 1421 1919 Ambrosius
1472 1862 1592 1934 τὴν,
1621 1862 1863 1936 συνοχὴν
1911 1863 2094 1920 ἐθνῶν
2148 1864 2329 1945 Mattli.
2381 1880 2430 1916 v.
2487 1864 2535 1914 7.
2590 1865 2696 1916 Mc.
2744 1864 2798 1915 8.

465 1957 594 2013 Luc.
635 1956 701 2008 10
738 1958 818 2008 cll.
858 1958 923 2008 25
961 1957 1232 2008 indicatam
1269 1957 1332 2008 ad
1370 1958 1598 2023 gentium
1632 1958 1770 2008 illam
1790 1959 2050 2022 ingentem
2069 1956 2426 2022 migrationem
2454 1959 2506 2006 et
2523 1953 2800 2007 colluviem

464 2047 646 2111 refert,
683 2061 809 2112 quae
836 2045 1007 2112 ipsius
1045 2050 1215 2097 aetate
1253 2046 1611 2111 grassabatur.
1649 2046 1833 2114 Jisquc
1871 2045 2090 2097 motibus
2128 2059 2307 2095 nexum
2344 2044 2588 2112 quendam
2623 2042 2802 2093 inter-

466 2150 585 2187 num
625 2138 676 2184 et
709 2135 1067 2186 necessarium
1107 2151 1218 2187 eum
1256 2137 1622 2201 propagatione
1659 2135 1938 2203 Evangelii
1983 2135 2163 2187 inesse,
2205 2134 2541 2201 perspexisse
2590 2132 2801 2184 videtur

469 2222 792 2275 Ambrosius.
866 2220 1049 2289 Pergit
1085 2223 1216 2274 enim
1252 2242 1301 2291 p.
1341 2225 1474 2277 203:
1527 2226 1894 2294 „Praedicetur
1940 2223 2263 2295 evangelium
2301 2226 2364 2273 ut
2400 2223 2625 2274 seculum
2664 2223 2800 2272 des-

469 2315 687 2371 truatur.
758 2311 1063 2363 Praecessit
1095 2311 1149 2363 in
1187 2313 1357 2365 orbem
1393 2319 1564 2365 terrae
1603 2312 1861 2377 evangelii
1896 2311 2234 2378 praedicatio,
2273 2310 2354 2362 cui
2381 2312 2490 2372 jam
2529 2313 2580 2360 et
2614 2309 2798 2360 Gotthi

473 2407 524 2452 et
551 2401 779 2453 Armenii
818 2400 1202 2454 crediderunt.“
1238 2403 1489 2455 Similiter
1525 2408 1703 2454 contra
1736 2401 2125 2469 Hesychium
2152 2403 2270 2463 jam*
2301 2396 2588 2467 apostolica
2623 2404 2800 2450 aetate

468 2492 899 2559 praedicationem
955 2492 1214 2558 evangelii
1266 2492 1316 2543 in
1362 2494 1606 2544 universo
1645 2494 1764 2544 orbe
1801 2500 2053 2544 terrarum
2091 2491 2278 2543 factam
2314 2496 2366 2542 et
2400 2492 2559 2542 verba
2596 2488 2802 2546 Christi

468 2597 520 2634 v.
576 2581 641 2631 14
689 2587 805 2632 ante
853 2581 995 2633 urbis
1045 2588 1257 2633 sanctae
1306 2583 1551 2633 excidium
1587 2581 1795 2648 impleta
1830 2581 2117 2648 opinantem
2167 2581 2285 2647 (Ep.
2336 2580 2453 2632 198.
2492 2580 2540 2631 6.
2575 2595 2624 2645 p.
2663 2576 2796 2642 965)

471 2670 878 2733 Augustinus
915 2669 1044 2736 (Ep.
1086 2669 1214 2735 199,
1261 2669 1328 2721 46
1366 2686 1445 2737 sq.
1482 2688 1528 2736 p.
1568 2670 1693 2733 987)
1731 2670 1858 2722 haec
1896 2669 2159 2735 disputat:
2216 2670 2358 2731 Quod
2392 2671 2535 2736 putat
2572 2682 2796 2718 venera-

470 2757 648 2810 bilitas
688 2758 818 2824 Tua,
844 2760 955 2821 jam
991 2758 1089 2811 hoc
1127 2759 1197 2824 (v.
1241 2757 1332 2823 14)
1367 2775 1458 2825 per
1494 2759 1640 2825 ipsos
1661 2759 1942 2827 Apostolos
1982 2761 2186 2827 factum,
2225 2775 2325 2810 non
2361 2758 2435 2809 ita
2472 2759 2594 2828 e'sse
2632 2757 2793 2810 certis

474 2846 788 2900 documentis
826 2846 1052 2911 probavi.
1119 2847 1251 2897 Sunt
1286 2846 1419 2898 enim
1457 2848 1588 2913 apud
1624 2863 1739 2913 nos,
1777 2848 1872 2899 hoc
1911 2852 1995 2898 est
2029 2848 2080 2898 in
2118 2847 2315 2915 Africa,
2354 2847 2601 2900 barbarae
2635 2845 2794 2896 innu-

471 2935 743 2985 merabiles
783 2939 986 3000 genteS,
1024 2933 1080 2984 in
1115 2935 1296 3002 quibus
1334 2937 1547 2986 nondum
1585 2951 1707 2987 esse
1743 2935 2090 3003 praedicatum
2117 2935 2454 3002 Evangelium
2493 2950 2554 2985 ex
2589 2933 2675 3000 iis,
2708 2934 2794 3000 qui

475 3023 723 3073 ducuntur
759 3022 876 3073 inde
913 3021 1104 3088 captivi
1128 3026 1192 3103 ⁸ct
1228 3022 1568 3075 Romanorum
1605 3023 1841 3075 servitiis
1867 3026 1979 3086 jam
2014 3024 2325 3089 miscentur,
2376 3022 2598 3091 quotidie
2641 3022 2790 3074 nobis

476 3111 746 3163 addiscere
784 3112 836 3163 in
873 3117 1071 3179 promtu
1108 3115 1209 3164 est.
1279 3113 1439 3164 Pauci
1475 3118 1644 3164 tamen
1683 3114 1801 3164 anni
1840 3119 1992 3180 sunt,
2029 3130 2090 3165 ex
2126 3127 2221 3182 quo
2258 3113 2454 3182 quidam
2492 3128 2664 3164 eorum
2699 3128 2792 3164 ra-

473 3199 673 3252 rissimi
713 3205 860 3269 atque
896 3200 1234 3268 paucissimi„
1254 3202 1336 3272 qui
1371 3204 1540 3269 pacati
1577 3203 1823 3255 Romanis
1858 3204 2045 3255 finibus
2083 3204 2380 3267 adhaerent,
2406 3231 2476 3242 —-
2507 3202 2788 3254 Christiani

475 3305 600 3340 esse
647 3294 944 3355 coeperunt.
1015 3290 1299 3342 Interiores
1356 3294 1553 3357 autem,
1605 3291 1687 3358 qui
1737 3292 1832 3343 sub
1869 3289 2020 3343 nulla
2067 3295 2192 3342 sunt
2238 3295 2491 3357 potestate
2545 3286 2786 3358 Romana,

474 3394 693 3445 prorsus
742 3395 838 3431 nec
883 3367 1132 3446 religione
1169 3375 1459 3434 christiana
1493 3379 1546 3431 in
1584 3396 1793 3432 suorum
1831 3379 2079 3448 aliquibus
2126 3382 2443 3446 retinentur,
2497 3381 2653 3448 neque
2686 3379 2788 3452 ulle

476 3469 621 3520 modo
660 3473 800 3519 recte
836 3467 938 3519 dici
972 3471 1172 3535 potest,
1220 3468 1364 3528 ,istos
1403 3469 1466 3519 ad
1501 3468 1894 3535 promissionem
1928 3469 2024 3520 Dei
2071 3484 2169 3520 non
2216 3469 2487 3535 pertinere.
2540 3468 2624 3518 47.
2677 3467 2785 3518 Non

477 3555 609 3608 enim
658 3556 920 3608 Romanos
967 3558 1062 3608 sed
1110 3571 1286 3609 omnes
1338 3562 1524 3621 gentes
1570 3556 1813 3612 Dominus
1867 3557 2051 3609 semini
2098 3558 2335 3610 Abrahae
2391 3555 2557 3608 media
2603 3572 2786 3625 quoque

469 3645 730 3709 ,iuratione
779 3643 1030 3711 promisit.
1086 3673 1147 3682 —
1199 3644 1285 3694 48.
1357 3643 1417 3695 Si
1464 3657 1623 3709 ergo,
1679 3643 1797 3712 quia
1850 3644 2117 3711 prophetia
2162 3645 2416 3698 veritatisz
2448 3644 2647 3696 mentiri
2688 3659 2786 3695 non

422 3750 433 3759 ·
474 3719 678 3806 potest,
732 3748 953 3786 necesse
992 3737 1107 3800 est,
1161 3736 1218 3784 ut
1253 3748 1430 3801 omnes
1469 3738 1687 3799 gentes,
1738 3737 1979 3801 quotquot
2013 3733 2137 3786 fecit
2173 3733 2344 3802 Deus,
2396 3734 2608 3786 adorent
2651 3748 2783 3784 eum:

476 3825 722 3893 quomodo
761 3823 1041 3875 adorabunt
1076 3838 1218 3890 eum,
1255 3822 1362 3874 nisi
1397 3822 1639 3875 invocent
1674 3820 1827 3877 eum?
1881 3824 2136 3885 Quomodo
2172 3823 2514 3893 invocabunt,
2563 3823 2612 3874 in
2648 3839 2784 3891 quem

479 3926 583 3966 non
628 3911 953 3964 crediderunt
996 3915 1091 3963 etc.
1131 3910 1300 3977 (Rom.
1338 3909 1423 3977 X,
1479 3910 1586 3976 14).
1653 3911 1717 3963 ln
1762 3911 1943 3979 quibus
1992 3923 2117 3976 ergo
2163 3912 2402 3978 gentibus
2439 3913 2662 3964 ‘nondum
2704 3918 2785 3965 est

480 3999 741 4066 Ecclesia,
778 4002 976 4067 oportet
1011 4003 1066 4050 ut
1101 3999 1198 4065 sit3
1238 4014 1337 4050 non
1373 4002 1428 4048 ut
1464 4014 1659 4067 omnes,
1698 4000 1779 4067 qui
1816 3998 1887 4052 ihi
1921 3999 2130 4067 fuerint,
2166 4002 2406 4067 credant3
2444 4016 2626 4052 omnes
2660 4001 2783 4054 enim

483 4093 668 4156 gentes
721 4088 1013 4156 promissae
1062 4096 1217 4155 sunt,
1274 4101 1376 4137 non
1425 4102 1601 4138 omnes
1658 4088 1875 4140 omnium
1925 4089 2149 4154 gentium
2204 4089 2469 4156 homines3
2524 4106 2623 4141 non
2658 4091 2781 4143 enim

484 4177 702 4230 omnium
739 4183 824 4229 est
856 4178 1005 4229 fides.
1041 4175 1220 4228 Credit
1251 4174 1420 4243 itaque
1457 4174 1625 4227 omnis
1663 4192 1793 4243 gens
1829 4176 1882 4230 in
1916 4177 2006 4246 iis,
2042 4177 2127 4247 qui
2163 4176 2313 4231 electi
2347 4180 2492 4244 sunt,
2530 4176 2584 4229 in
2603 4180 2781 4232 ceteris

484 4283 590 4324 non
625 4267 787 4320 credit
823 4272 876 4318 et
911 4267 1180 4318 credentes
1217 4265 1322 4317 odit
1359 4265 1440 4334 (v.
1480 4264 1561 4333 9).
1605 4305 1614 4314 ,
