2934 4797
1278 252 1363 324 55

138 458 269 503 non
320 439 399 504 de
446 445 717 503 extremo
761 434 1032 503 Jehovae
1081 430 1182 501 (116
1227 439 1572 518 loquuntur,
1621 435 1732 499 sed
1770 436 1849 498 de
1884 435 2089 518 priori,
2140 432 2490 497 et'extremi

124 546 359 628 judicii
418 544 804 610 solummodo
846 546 1156 626 imagine.
1248 542 1436 622 Jesaj.
1497 542 1787 614 X111‚,9.
1858 542 1960 607 10.
2021 541 2100 603 (16
2158 540 2487 621 Babylonis

48 736 55 743 ,
131 655 531 737 poena-talia
577 654 781 727 refert,
828 650 1308 721 Ezech.xxx11,
1360 646 1402 715 6
1449 651 1526 712 de
1555 651 1898 722 Pharaonis,
1947 647 2082 711 soei
2128 646 2197 720 11,
2253 647 2353 714 10.
2406 630 2486 709 ‹10'

136 764 518 825 locustarum
562 762 740 844 plaga
787 760 1256 826 similia‘refert.
1304 794 1389 808 —-
1435 759 1695 833 1661111,
1744 758 1807 824 3.
1846 756 1908 822 4.
1955 772 2254 840 expresse
2298 758 2487 838 aerip—

133 880 274 934 tum
306 878 430 943 est,
476 872 750 953 prodigia
783 869 988 935 datum
1023 871 1094 932 iri
1124 872 1186 931 in
1227 868 1403 932 coelo
1443 876 1505 931 et
1531 876 1722 941 terra,
1773 868 1969 930 solem
2008 880 2370 929 conversum
2414 866 2490 926 iri

129 982 203 1040 in
249 979 572 1051 tenebras,
635 978 842 1039 lunam
879 980 950 1040 'in
999 978 1398 1056 sanguinem,
1463 983 1885 1056 antequam
1939 974 2138 1036 veniat
2185 970 2487 1034 (1166116ό

127 1083 294 1144 mini
340 1096 617 1163 maguus·
646 1089 711 1144 et
753 1082 1060 1146 terribilis.
1133 1083 1350 1145 Fateor
1394 1081 1546 1144 alios
1592 1081 1768 1142 locos
1811 1080 2246 1162 prophetarum
2292 1080 2486 1158 respi-

131 1206 288 1253 cere
350 1189 426 1252 ad
485 1191 794 1252 interitum
850 1191 1038 1252 totius
1097 1188 1308 1281 mundi
1367 1189 1635 1251 fabricae
1698 1202 1756 1251 6.
1821 1204 1879 1266 g.
1925 1185 2051 1248 Jes.
2106 1183 2308 1256 XXIV,
2376 1181 2483 1248 23.

127 1294 395 1369 xxxiv,
440 1292 506 1360 4.
555 1294 660 1379 (cf.
690 1298 884 1378 Apoe.
914 1294 1010 1368 vl,
1047 1295 1147 1360 12.
1182 1293 1313 1377 13.)
1351 1295 1633 1356 tabescet
1669 1294 1866 1356 omnis
1904 1293 2117 1354 militia
2154 1291 2484 1362 (melorum,

139 1412 212 1466 et
255 1402 648 1464 membranae
696 1401 774 1463 ad
820 1404 1010 1465 instar
1053 1401 1581 1483 complicabuntur
1612 1400 1791 1472 coeli,
1840 1405 1904 1461 et
1949 1398 2169 1460 stellae
2217 1390 2498 1458 defluent*

133 1508 304 1581 61661
347 1506 560 1570 (1611611
602 1508 818 1573 folium
863 1507 941 1570 de
988 1509 1162 1570 vinea
1209 1515 1272 1570 et
1313 1507 1455 1569 fleu.
1542 1505 1667 1568 Sed
1701 1507 1776 1568 hi
1820 1506 1943 1568 1661
1988 1520 2111 1566 uon
2162 1502 2489 1566 similiores
2553 1495 2566 1503 “

136 1623 291 1680 6661
325 1624 533 1680 nostro
561 1616 785 1691 versui,
833 1632 1015 1698 quam
1061 1618 1297 1698 priores
1343 1616 1469 1678 illi:
1517 1622 1582 1677 et
1604 1614 1851 1694 Apoeal.
1881 1612 1979 1686 Vl,
2017 1611 2118 1677 12.
2165 1608 2288 1685 13„
2322 1608 2485 1689 quod

136 1729 355 1785 notatu
382 1721 649 1802 ,dignum
692 1721 950 1801 videtur,
997 1722 1154 1785 11666
1194 1724 1378 1784 verba
1425 1737 1551 1783 non
1599 1722 1861 1803 applicat
1905 1718 1983 1780 ad
2018 1717 2231 1780 mundi
2269 1716 2490 1791 finem3

134 1848 289 1893 nam
333 1837 653 1912 postquam
701 1828 915 1892 stellae
961 1831 1023 1892 16
1071 1838 1291 1893 terram
1339 1828 1845 1908 conciderentur.
1885 1826 1990 1910 13)
2019 1826 2291 1889 nondum
2317 1824 2492 1888 adest

134 1945 342 1998 terrae
389 1934 721 2018 mundique
766 1934 948 2009 11616,
996 1936 1073 1998 cf.
1120 1954 1172 1999 v.
1229 1934 1329 2000 15.
1380 1935 1520 2008 vll,
1574 1935 1602 1998 1
1649 1952 1789 2015 ·sqq.
1842 1933 2005 2015 quod
2048 1933 2216 1996 idem
2262 1928 2488 2012 signifi·

137 2049 350 2106 catum
398 2060 546 2107 esse
590 2041 830 2105 videtur
874 2059 1027 2105 voce
1073 2041 1337 2115 ὅλωθος
1382 2058 1438 2104 v.
1495 2039 1603 2113 13,
1679 2058 1832 2120 quae
1892 2058 2017 2101 non
2061 2045 2331 2102 maturos
2378 2037 2492 2100 66(1

134 2151 504 2212 immaturos
565 2147 798 2225 fruetus
862 2154 1045 2210 notat.
1141 2145 1344 2222 Quare
1402 2147 1586 2209 verba
1643 2152 1852 2208 nostra
1915 2163 2027 2228 per
2088 2163 2158 2207 66
2223 2152 2490 2227 66661616

139 2257 401 2319 omnino
459 2272 586 2317 666
641 2253 949 2317 adducunt
1007 2256 1071 2315 in
1135 2253 1611 2326 necessitatem,
1674 2260 1743 2315 ut
1787 2252 1866 2316 ad
1911 2271 2014 2315 166
2064 2260 2363 2317 extremas
2414 2269 2489 2317 66

118 2364 399 2427 scietas.
446 2361 899 2427 Sententiarum
942 2379 1135 2426 nexus
1183 2363 1297 2425 erit
1339 2359 1761 2445 inspiciendus
1810 2367 1873 2424 61
1901 2359 2046 2424 inde
2069 2360 2488 2441 judicandum,

139 2473 269 2554 quo
328 2470 714 2551 potissimum
771 2472 955 2533 verba
1019 2476 1226 2532 nostra
1275 2477 1577 2552 spectent.
1670 2468 1854 2549 Atqui
1899 2486 2091 2532 nexus
2136 2469 2241 2531 ille
2291 2484 2362 2532 ea
2410 2467 2488 2532 ad

138 2580 336 2642 finem
363 2577 579 2642 mundi
603 2579 817 2641 referri
853 2579 1037 2660 plane
1065 2584 1243 2642 vetat.
1304 2576 1547 2640 Etenim
1591 2579 1853 2661 primum
1881 2580 2123 2658 respice
2154 2595 2381 2658 quaeso
2412 2578 2489 2640 ad

140 2701 363 2751 versus
403 2683 669 2752 23--28
686 2727 705 2759 ,
753 2686 971 2767 quibus
1001 2684 1276 2748 Christus
1303 2703 1536 2747 moram
1566 2683 1868 2766 quandam
1898 2686 2078 2748 etiam
2105 2669 2486 2764 6661111616-

145 2796 387 2875 solyma
412 2792 609 2857 diruta
634 2794 894 2856 futuram
929 2777 1482 2874 indicarataperte,
1532 2809 1607 2854 66
1643 2794 1696 2854 61
1734 2787 2018 2857 dixisset:
2062 2792 2307 2873 parusia
2351 2808 2489 2854 mea

141 2902 483 2983 mundique
537 2900 681 2964 finis
733 2902 843 2966 οὐκ
895 2897 1129 2974 εὐθέως
1182 2897 1332 2981 μετὰ
1386 2921 1437 2965 τ.
1484 2903 1586 2965 θλ.
1635 2922 1686 2964 τ.
1733 2899 1792 2983 ἡ.
1836 2900 1886 2965 s’.
1933 2898 2012 2972 (v.
2061 2899 2169 2965 21.
2218 2898 2327 2978 22)
2386 2916 2487 2962 ex-

144 3011 410 3090 spectari
459 3007 706 3074 debent.
798 3009 931 3070 Jam
976 3014 1129 3071 'vero
1186 3007 1492 3092 quomodo
1550 3027 1607 3070 v.
1654 3007 1737 3075 29
1786 3007 2007 3069 eodem
2055 3009 2227 3090 quasi
2269 3013 2486 3069 tenore

140 3134 406 3200 pergere
451 3114 681 3196 potuit;
729 3115 960 3190 εὐθέως
989 3123 1128 3198 post
1154 3115 1569 3197 Hierosolyma
1602 3111 1796 3192 diruta
1825 3114 2039 3177 mundi
2074 3112 2213 3176 finis
2251 3110 2486 3178 aderit?

146 3224 353 3301 Quare
401 3243 455 3288 v.
505 3220 588 3290 29
639 3222 715 3285 de
753 3223 875 3286 fine
921 3224 1133 3287 mundi
1176 3224 1349 3306 loqui
1392 3243 1517 3286 666
1549 3226 1808 3306 poterit.
1883 3203 2012 3285 'Sed
2049 3224 2228 3305 plane
2268 3219 2490 3283 eadem

147 3330 477 3398 difficultas
523 3338 833 3408 occurret,
898 3332 955 3393 61
997 3349 1032 3393 6
1086 3352 1140 3395 v.
1190 3330 1275 3398 29
1321 3334 1709 3415 prospexeris
1754 3329 1830 3393 ad
1874 3347 2090 3395 versus
2134 3335 2488 3412 sequentes.

145 3440 305 3503 Nam
350 3440 404 3501 si
448 3439 525 3502 ad
567 3439 819 3502 verbum
863 3455 1203 3521 vocumque
1252 3453 1470 3500 sonum
1512 3439 1779 3500 volueris
1825 3439 2227 3518 interpretari,
2278 3437 2490 3499 dicen-

151 3545 300 3609 dum
360 3549 501 3621 erit,
566 3561 622 3611 v.
677 3544 763 3612 29
820 3551 962 3626 post
1007 3545 1213 3610 stellas
1261 3545 1337 3608 de
1382 3537 1563 3608 66616
1612 3544 1985 3609 decadentes
2052 3546 2487 3627 coelorumque

149 3655 406 3719 virtutes
467 3671 501 3715 e
564 3650 909 3715 cardinibus
973 3652 1096 3715 suis
1156 3654 1423 3718 revulsas
1488 3653 1650 3714 hunc
1709 3658 1905 3715 terrae
1965 3661 2205 3714 nostrae
2269 3659 2489 3715 statum

154 3762 406 3823 omnino
462 3778 586 3821 non
646 3759 904 3839 amplius
936 3778 1105 3822 6666
1157 3779 1361 3841 posse.
1457 3759 1714 3822 coelum
1762 3760 1988 3822 corruit
2030 3765 2190 3824 terra
2234 3760 2488 3823 interiit:

152 3867 536 3953 panolethria
588 3866 801 3931 mundi
859 3868 1164 3951 descripta
1216 3870 1329 3930 erit
1370 3868 1501 3945 jam
1551 3887 1606 3932 v.
1655 3865 1770 3942 29,
1820 3875 1882 3930 61
1918 3881 2315 3948 6666666666
2353 3875 2493 3949 post

160 3978 315 4039 11666
356 3976 669 4048 eveniant,
718 3976 835 4037 hoc
878 3983 1075 4039 terrae
1121 3975 1420 4038 theatrum
1466 3991 1589 4036 666
1636 3976 1892 4057 amplius
1937 3974 2165 4037 hahere
2209 3981 2488 4056 possunt.

156 4086 288 4149 Jam
323 4103 467 4148 vero
493 4103 549 4146 v.
592 4081 678 4149 30
721 4087 954 4167 pergit:
1001 4086 1098 4151 καὶ
1146 4082 1280 4151 τότε
1326 4079 1618 4168 κόψονται
1663 4069 1851 4149 ‘aderat
1895 4083 1960 4149 αἱ
2003 4085 2182 4167 φυλαὶ
2226 4089 2328 4167 τῆς
2370 4092 2490 4168 γῆς,

163 4203 224 4258 61
265 4212 475 4260 versus
524 4187 603 4259 31
654 4187 922 4275 undique
968 4202 1330 4260 terrarum
1377 4194 1706 4257 collectum
1747 4194 1822 4254 iri
1870 4194 2129 4268 electos,
2176 4190 2300 4257 non
2339 4212 2487 4257 6666

161 4304 334 4368 ruina
376 4300 584 4366 mundi
629 4301 963 4384 sepelitos‚
1024 4303 1138 4366 sed
1182 4303 1249 4364 in
1291 4309 1448 4365 terra
1492 4304 1764 4365 viventes
1820 4299 1880 4385 (1
1932 4299 2153 4367 Thess.
2199 4302 2299 4376 lv,
2361 4301 2487 4379 17).
