2934 4797
1557 210 1658 278 72-
1713 207 1718 217 “

622 388 729 450 Sin
778 388 1020 462 dixeris,
1058 392 1268 452 miram
1313 407 1461 453 sane
1508 392 1591 452 ita
1631 391 2092 469 praescientiam
2129 388 2369 456 Christo
2399 392 2785 458 adscriben-

328 570 341 583 Ι
446 493 610 566 dam,
660 497 879 576 quippe
927 496 1027 575 qui
1076 496 1176 558 illa
1219 499 1420 559 omnia
1456 497 1812 560 vaticinatus
1859 499 1955 571 sit,
2003 516 2161 580 quae
2206 517 2417 581 magna
2463 518 2537 563 ex
2579 509 2777 582 parte
2889 490 2890 561 ζ

435 601 565 680 jam
612 596 940 666 evenerunt
981 620 1206 681 revera,
1254 621 1408 684 quae
1452 622 1596 667 vero
1642 604 1826 666 modo
1884 606 2143 668 naturali
2189 613 2291 669 aut
2334 607 2607 671 rationali
2651 608 2777 670 illo

442 714 715 790 tempore
762 728 942 773 nemo
987 716 1220 790 poterat
1255 709 1601 788 conjectura
1630 713 1892 792 assequi,
1939 711 2315 792 respondeo:
2361 712 2774 777 num'Paulus

444 815 639 896 major
694 826 788 880 est
832 817 1113 880 Christo?
1177 816 1392 879 Paulus
1450 837 1593 882 vero
1638 818 1791 882 velis
1847 819 2005 881 nolis
2050 820 2227 885 Rom.
2283 820 2378 893 xl,
2437 821 2519 887 25
2581 840 2772 884 asse·-

446 931 624 999 verat,
672 927 930 1008 primum
973 925 1101 988 fore
1147 931 1384 1005 tempus
1421 934 1523 1006 τῆς
1560 927 1859 1009 ἀποβολῆς
1895 935 2003 992 τοῦ
2039 924 2255 1012 ι’σραήλ
2299 927 2413 1012 (XI,
2449 927 2554 1012 15)
2593 938 2771 1010 qnae

445 1051 692 1099 cessura
750 1035 830 1095 sit
892 1034 954 1093 in
1017 1028 1372 1114 καταλλαγὴν
1414 1040 1523 1097 τοῦ
1580 1029 1842 1113 κόσμου,
1908 1040 1969 1095 et
2027 1036 2324 1118 σωτηρίαν
2376 1044 2505 1122 τοῖς
2554 1040 2773 1102 ἔθνεσι

446 1142 523 1224 (v.
579 1139 716 1223 11);
774 1141 972 1220 itaque
1017 1158 1127 1220 per
1183 1148 1424 1221 tempus
1469 1149 1589 1222 τῆς
1616 1142 1917 1224 ἀποβολῆς
1954 1151 2062 1206 τοῦ
2090 1141 2314 1227 ἰσραὴλ
2357 1146 2574 1224 pagani
2609 1130 2770 1209 sunt

443 1247 480 1331 ἡ
522 1247 722 1331 ἐκλογή
756 1249 1090 1327 anteposita
1136 1266 1171 1310 a
1215 1248 1343 1310 Deo
1406 1267 1601 1329 eoque
1636 1250 2030 1330 principatum
2074 1253 2252 1329 regni
2292 1248 2510 1318 tenens
2535 1251 2768 1318 divini.

447 1359 772 1439 Postquam
814 1376 958 1420 vero
1001 1353 1069 1421 τὸ
1100 1353 1387 1442 πλήρωμά
1431 1346 1550 1422 τῶὼ
1574 1358 1853 1424 aeremia
1879 1359 2156 1439 Regnum
2185 1360 2403 1423 Christi
2427 1362 2768 1434 intraverit,

445 1467 486 1530 i.
535 1484 589 1526 e.
631 1465 741 1526 sub
789 1451 974 1526 finem
1014 1464 1301 1529 historiae
1347 1462 1383 1548 ἡ
1418 1462 1696 1549 πώρωσις
1742 1467 1841 1528 illa
1868 1466 2278 1531 Jsraelitarum
2305 1470 2513 1548 utique
2543 1486 2768 1548 super·

365 1583 368 1586 ’
447 1572 650 1634 stitum
680 1569 800 1653 etv}
828 1571 1100 1654 ἀποβολή
1137 1569 1376 1635 finietur
1411 1573 1506 1639 καὶ
1535 1571 1691 1639 οὕτω
1715 1579 1832 1647 πᾶς
1861 1570 2083 1658 ἷσραὴλ.
2099 1570 2443 1656 σωθήσεται
2469 1574 2591 1655 (xl,
2619 1573 2764 1659 26.)

448 1679 522 1741 cf.
568 1677 718 1744 Luc.
763 1678 936 1752 XXV,
984 1678 1091 1743 24.
1140 1712 1221 1729 -·
1286 1679 1461 1742 Unde
1507 1699 1650 1747 vero
1682 1680 1862 1744 Paulo
1908 1683 2045 1745 talia
2078 1692 2376 1746 venerunt
2411 1691 2474 1746 et
2505 1684 2762 1747 Lucae?

445 1790 497 1850 A
545 1788 776 1853 Christo
822 1790 954 1850 sine
1003 1786 1186 1851 dubio
1233 1786 1486 1868 ejusque
1531 1790 1763 1864 verbis3
1830 1808 2010 1871 quare
2057 1793 2251 1854 ausim
2299 1791 2540 1866 dicere,
2605 1796 2762 1857 anti-

428 1890 802 1976 ‘quissimam
847 1895 1173 1958 ecclesiam
1217 1913 1269 1958 v.
1320 1891 1407 1959 34
1452 1913 1665 1958 vocem
1708 1893 1903 1980 γενεάν
1938 1917 2059 1960 non
2105 1898 2478 1961 intellexisse
2527 1892 2603 1961 de
2639 1899 2763 1963 alia

443 1986 556 2079 re·,‘
582 2023 762 2087 quam
808 2003 885 2065 de
931 2010 1111 2083 gente
1157 2000 1641 2086 Judaeomm‚³²)
1690 2012 1754 2066 et
1804 2013 2011 2067 nostro
2066 2006 2235 2079 loco,
2294 2024 2555 2086 quocum
2609 2026 2760 2069 con·

378 2149 397 2163 κ
454 2111 744 2175 ferendus
788 2111 931 2174 Luc.
988 2109 1115 2175 XXI
1173 2129 1227 2177 v.
1277 2106 1388 2182 24,
1453 2117 1515 2173 et
1557 2109 1767 2177 Mattb.
1812 2108 2019 2184 xxm,
2081 2111 2190 2189 39,
2229 2112 2460 2176 fontem
2518 2117 2760 2194 reperio

393 2267 401 2273 .
452 2221 753 2284 doctrinae
816 2220 980 2281 illius
1036 2219 1225 2282 veteri
1283 2218 1595 2280 Ecclesiae
1648 2218 1807 2280 haud
1853 2236 1999 2282 sane
2053 2221 2292 2301 ignotae
2342 2228 2404 2285 et
2455 2222 2760 2301 insolitae,

448 2327 817 2391 Judaeorum
860 2331 1106 2409 gentem
1151 2323 1529 2388 adservatum
1555 2326 1645 2392 ‚iri
1689 2342 1885 2408 usque
1933 2326 2010 2388 ad
2054 2326 2341 2390 historiae
2379 2328 2756 2400 ChrIstianae

448 2438 664 2507 finem,
723 2444 866 2498 tunc
919 2452 1062 2496 vero
1108 2421 1179 2495 'et
1221 2434 1416 2512 ipsam
1464 2440 1633 2511 grato
1687 2432 1972 2512 laetoque
2031 2436 2233 2497 animo
2279 2434 2583 2499 Christum
2628 2437 2758 2498 ami·

450 2548 750 2628 plexuram
797 2550 857 2605 et
902 2543 1118 2622 gratiae
1168 2539 1300 2619 ejus
1345 2540 1698 2620 participem
1742 2539 2018 2603 futuram.
2038 2539 2114 2623 ³³)
2609 2545 2613 2552 '

624 2649 801 2727 Quod
846 2651 901 2710 si
958 2648 1211 2729 apostoli
1262 2649 1378 2728 ipsi
1434 2663 1763 2729 eorumque
1820 2647 2134 2730 discipuli,
2191 2667 2247 2711 e.
2291 2667 2348 2729 g.
2408 2648 2646 2713 Marcus
2694 2657 2759 2713 et

447 2760 642 2823 Lucas
686 2775 900 2822 vocem
943 2754 1139 2839 γενεάν
1183 2753 1260 2817 de
1307 2756 1437 2836 ipsa
1481 2755 1583 2817 illa
1629 2762 1827 2817 aetate
1875 2754 2096 2818 dictam
2132 2761 2473 2836 putassent,
2536 2755 2757 2819 Christi

445 2866 670 2930 reditus
718 2862 795 2926 ad
836 2863 1146 2927 victoriam
1193 2867 1499 2925 externam
1546 2879 1783 2942 quoque
1842 2880 1963 2923 non
2009 2862 2307 2941 potuisset
2349 2880 2472 2932 non
2521 2866 2597 2926 ab
2639 2863 2756 2926 Ec·

373 3024 385 3036 ,
449 2975 637 3037 clesia
681 2972 986 3054 primaeva
1028 2968 1373 3032 immediate
1433 2976 1573 3051 post
1614 2968 2172 3050 Hierosolymorum
2226 2969 2526 3032 excidium
2569 2988 2749 3050 expe-

447 3084 622 3145 ctari:
683 3097 801 3141 non
859 3078 1057 3152 solum
1115 3093 1360 3157 sperare
1405 3077 1726 3156 potuisset,
1793 3077 2093 3139 Christum
2138 3093 2258 3137 non
2306 3083 2744 3152 cunctaturum,

450 3179 562 3252 sed
609 3187 873 3249 docere
921 3184 1252 3255 debuisset,
1301 3202 1442 3245 eum
1469 3183 1581 3245 hac
1617 3184 1748 3263 ipsa
1786 3190 1982 3247 aetate
2011 3183 2363 3248 rediturum.
2435 3186 2511 3246 At
2540 3193 2745 3247 osten-

450 3296 589 3359 dant
627 3294 948 3359 adversarii
990 3291 1164 3355 nobis
1211 3291 1597 3364 documenta,
1646 3293 1862 3373 quibus
1903 3287 2021 3354 hoc
2057 3292 2363 3373 probetur.
2435 3292 2753 3356 Nullum

452 3423 642 3467 sane
718 3409 999 3467 exstat.
1111 3401 1177 3463 Si
1252 3401 1470 3464 Christi
1546 3400 1726 3463 verbo
1795 3399 1960 3478 jussi
2033 3402 2335 3481 parusiam
2415 3387 2580 3464 illam
2650 3420 2747 3465 ex-

450 3518 827 3595 spectassent
882 3516 944 3574 et
1016 3508 1371 3572 docuissent
1433 3509 1756 3571 Christiani
1812 3509 1966 3571 intra
2032 3499 2271 3590 triginta
2339 3510 2474 3591 plus
2550 3512 2748 3604 minus

593 3652 690 3721 32)
724 3653 877 3719 Vulg.
905 3653 1060 3704 vertit
1080 3650 1385 3719 „generatio
1395 3647 1456 3715 ;“
1492 3651 1616 3702 bene
1638 3664 1762 3701 sane
1781 3685 1798 3716 ,
1834 3666 1949 3701 nam
1974 3649 2241 3716 generatio
2269 3665 2370 3703 non
2402 3654 2488 3703 est
2518 3651 2754 3720 ‚‚netas,“

451 3745 523 3798 uti
559 3745 811 3797 Erasmus
846 3741 1092 3796 mendose
1128 3739 1430 3806 emendavit,
1470 3739 1564 3791 sed
1596 3757 1668 3786 =
1697 3739 1962 3810 γέννημα.

597 3831 688 3896 33)
738 3831 875 3883 Bene
921 3828 1272 3882 Tertullianus
1325 3829 1386 3879 de
1434 3827 1539 3881 res'.
1584 3844 1726 3881 carn.
1763 3845 1808 3881 c.
1856 3830 1944 3880 22.
1985 3826 2135 3880 dicits
2189 3826 2485 3893 (Christus)
2533 3829 2752 3881 ordinem

453 3928 729 3989 temporum
763 3919 924 3987 primo
959 3919 1288 3971 judaicorum
1324 3933 1486 3986 usque
1523 3919 1588 3971 ad
1624 3919 1870 4001 e3cidium
1903 3918 2259 3987 Hierusalem,
2310 3918 2490 3971 dehinc
2524 3929 2748 3972 commu-

455 4009 591 4061 nium
628 4024 785 4077 usque
822 4008 885 4060 ad
919 4007 1299 4062 conclusionem
1334 4008 1497 4059 seculi
1529 4007 1726 4074 dirigit.
1797 4008 1924 4061 Nam
1959 4011 2288 4075 posteaquam
2325 4007 2507 4059 edixit:
2553 4014 2604 4060 et
2636 4016 2752 4063 tuuc

448 4083 931 4150 erit’lliernsalem
982 4095 1300 4149 conculcatui
1351 4097 1668 4165 nationibus,
1718 4097 1913 4150 donec
1961 4096 2423 4164 adimpleantur
2474 4100 2751 4166 tempora

458 4188 777 4242 nationum
827 4187 1303 4253 allegendarum
1351 4187 1621 4241 scilicet
1664 4190 1857 4241 a-Deo
1893 4192 1958 4241 et
1989 4186 2580 4255 congregandarum
2623 4204 2748 4242 oum

459 4277 758 4346 reliquiis
796 4278 1102 4345 Israelis,
1138 4284 1233 4333 etc.
