2934 4797
1182 236 1340 304 .15

133 412 561 488 desciverunt,
611 433 733 478 non
760 433 1002 496 parvam
1048 424 1544 498 recuperaturam
1582 413 2173 488 commendationem
2208 411 2471 477 confido.

318 522 608 586 Nonnulli
649 524 751 607 (cf.
792 531 918 587 not.
953 522 1044 606 3.)
1092 532 1396 604 putarunt,
1448 525 1628 587 etiam
1671 524 1868 588 verbis
1918 523 2230 587 commatis
2277 521 2391 588 29:
2439 520 2472 586 ὁ

132 628 305 715 ἥλιος
361 627 863 712 σκοτισθήσεται,
920 630 981 695 οἱ
1041 633 1296 716 ἀστέρες
1342 640 1658 697 πεσοῦνται
1713 627 1833 696 ἀπὸ
1884 639 1992 697 τοῦ
2021 632 2296 714 ,οὐρανοῦ
2354 636 2473 694 ete.

132 737 700 819 Hierosolymorum
731 747 792 802 et
820 738 1190 818 reipublicae
1219 738 1509 802 Judaioae
1541 740 1846 802 interitum
1872 740 2112 819 poetice
2143 736 2387 817 depingi
2401 733 2473 814 ⁷),

136 862 462 907 caesuram
508 863 680 918 vero,
738 843 815 908 de
862 845 979 925 qua
1035 848 1255 925 agitur,
1302 853 1477 926 post
1518 864 1732 909 versus
1780 843 1864 910 29
1908 863 1998 926 sq.
2048 840 2474 925 quaerendam,

136 958 244 1014 aut
289 951 540 1013 omnino
587 950 815 1012 nullam
863 950 1008 1013 dari.
1100 949 1209 1013 Cui
1254 951 1593 1017 sententiae
1642 951 1861 1013 obstat.
1906 970 1961 1014 v.
2012 948 2123 1016 29:
2187 948 2338 1028 μετὰ
2382 944 2480 1028 τὴν

133 1061 354 1143 θλίψιν
410 1065 527 1122 τῶν
576 1055 811 1143 ἡμερῶν
844 1058 1115 1123 -ἐκείνων,
1210 1058 1336 1121 Has
1389 1077 1577 1122 voces
1622 1060 1934 1145 respicere
1978 1057 2055 1120 ad
2098 1073 2343 1120 versum
2390 1054 2469 1119 21

139 1171 315 1230 ἔσται
363 1161 474 1250 γὰρ
519 1163 654 1231 τότε
680 1167 973 1250 ’θλίψις
1017 1163 1282 1250 μεγάλη
1318 1175 1516 1229 -'et
1555 1166 1667 1232 22:
1722 1168 1774 1230 εἰ
1809 1162 1889 1247 μὴ
1916 1161 2380 1246 ἐκολοβώθησαν
2406 1162 2481 1227 αἱ

10 1322 17 1333 .
136 1273 410 1357 ἡμέραι
463 1274 724 1339 ε’κεῑναι
774 1311 854 1322 —-
900 1272 998 1339 διὰ
1055 1275 1119 1339 δὲ
1165 1271 1307 1349 τούς
1368 1271 1674 1348 ἐκλεκτοὺς
1720 1270 2249 1355 κολοβωθήσονται
2293 1270 2368 1335 αἱ
2410 1268 2475 1352 ἡ·

140 1380 362 1463 μόραι
405 1379 670 1445 ἐκεῖναι
729 1383 792 1443 in
840 1388 1048 1461 aperto
1106 1389 1219 1445 est.
1312 1381 1443 1443 Jam
1508 1399 1650 1442 vero
1708 1398 1891 1442 nemo
1934 1380 2207 1445 dubitare
2256 1383 2476 1458 potest,

141 1484 245 1568 τὴν
270 1488 483 1571 θλίψιν
526 1486 773 1571 μεγάλην
798 1509 854 1552 v.
887 1487 964 1554 21
1011 1496 1073 1551 et
1101 1489 1187 1555 22
1215 1487 1555 1569 significare
1589 1488 1846 1551 caedem
1884 1487 2240 1569 clademque
2278 1488 2476 1573 gentis

140 1594 437 1658 Judaicae
485 1603 548 1658 et
592 1596 755 1659 urbis
787 1599 1194 1670 eversionem3
1245 1599 1449 1678 itaque
1481 1598 1661 1660 verba
1705 1616 1762 1661 v.
1796 1595 1879 1663 29
1917 1595 2094 1675 μετὰ
2141 1592 2240 1677 τὴν
2265 1595 2479 1677 θλίψιν
2583 1652 2592 1661 ,

50 1732 57 1741 «
145 1702 224 1764 a‘d
251 1709 489 1784 tempus
517 1706 820 1784 posterius
853 1711 1128 1784 spectare
1160 1706 1370 1785 liquet.
1430 1704 1673 1767 Deinde
1703 1704 1984 1765 luxuriari
2014 1709 2075 1765 et
2101 1721 2313 1782 parum
2341 1710 2475 1782 apte

147 1809 474 1871 exuberare
520 1792 831 1874 videretur
860 1811 1075 1873 Christi
1124 1813 1331 1883 oratio,
1380 1811 1432 1872 si
1479 1809 1651 1873 urbis
1686 1808 1972 1873 Judaicae
2022 1808 2321 1870 excidium
2369 1807 2474 1870 de·

147 1917 448 1980 scriberet
501 1936 713 1981 versus
774 1917 879 1985 29.
972 1920 1211 1981 Etenim
1257 1919 1393 1981 talia
1437 1937 1563 1979 non
1610 1915 1899 1999 quadrare
1945 1918 2247 1997 ingentis
2301 1915 2478 1978 unius

150 2020 407 2102 ejusque
446 2025 697 2086 minoris
745 2041 972 2095 casum,
1025 2031 1086 2085 et
1130 2026 1296 2086 urbis
1345 2032 1597 2087 sanctae
1648 2024 2036 2097 dirutionem,
2076 2023 2189 2087 sed
2233 2023 2478 2085 nonnisi

148 2129 217 2190 ἰη
262 2134 544 2190 eventum
592 2129 668 2191 ad
716 2131 1062 2194 universum
1091 2129 1387 2191 mundum
1426 2137 1489 2192 et
1514 2137 1706 2193 totum
1743 2147 1936 2210 genus
1964 2130 2293 2191 humanum
2328 2147 2480 2209 per-

149 2236 447 2298 tinentem
493 2234 648 2315 apud
689 2235 1027 2298 Orientales
1077 2253 1270 2316 aeque
1317 2244 1495 2316 atque
1542 2234 1698 2316 apud
1744 2235 2169 2299 Occidentales
2217 2236 2281 2296 in
2330 2252 2474 2295 con-

149 2344 314 2406 fesso
359 2343 625 2416 futurum
670 2350 811 2423 puto
858 2343 962 2427 (cf.
1010 2341 1114 2406 Lo.
1165 2343 1270 2409 25.
1298 2342 1412 2422 ,ἐπὶ
1458 2351 1560 2426 τῆς
1603 2351 1701 2426 γῆς
1748 2337 1962 2429 συνοχὴ
2007 2342 2215 2409 ἐθνῶν.
2263 2361 2319 2407 v·
2370 2339 2473 2407 26.

155 2450 504 2533 οἰκουμένῃ).
572 2449 753 2525 Quod
800 2453 854 2520 si
900 2452 1243 2531 negaveris,
1289 2469 1414 2512 non
1448 2450 1735 2513 exhibere
1772 2451 2033 2531 poteris,
2085 2450 2298 2531 quibus
2345 2448 2476 2510 aliis

152 2560 351 2623 verbis
397 2560 595 2638 iisque
641 2558 1065 2638 grandioribus
1114 2557 1391 2620 Christus
1436 2559 1525 2619 uti
1570 2559 1861 2638 potuerit,
1910 2560 1962 2619 si
2002 2567 2286 2621 eventum
2324 2555 2478 2617 indi-

156 2685 293 2729 care
342 2662 607 2736 volebat,
675 2663 847 2741 cujus
897 2662 1154 2743 dignitas
1211 2664 1390 2744 plane
1437 2665 1794 2727 universalis
1852 2672 2039 2726 esset.
2128 2662 2480 2743 Refragatur

154 2774 416 2853 denique
463 2770 612 2835 Luc.
662 2790 715 2834 v.
766 2768 872 2835 24.
964 2771 1163 2834 Jidem
1211 2774 1297 2846 si,
1361 2775 1451 2836 uti
1498 2773 1794 2847 assolent,
1861 2779 2190 2853 sequentes
2239 2789 2478 2853 quoque

151 2897 361 2942 versus
408 2875 666 2944 31—36
698 2878 775 2939 ad
800 2877 1227 2960 Hierosolyma
1254 2877 1613 2941 referendos
1640 2885 1868 2959 putant,
1907 2879 2087 2959 longe
2117 2878 2479 2957 impeditiori

154 2988 244 3051 via
285 2984 599 3050 incedunt.
665 2986 818 3048 Nam
866 2984 1011 3066 quid
1043 2987 1155 3048 erit
1181 2993 1457 3066 tempore
1510 2987 1727 3049 excidii
1755 2986 1916 3048 illius
1945 2987 2112 3049 urbis
2139 2988 2208 3050 τὸ
2240 2998 2481 3068 σημεῖον

153 3102 258 3159 τοῦ
303 3094 436 3159 υἱοῦ
481 3102 589 3158 τοῦ
637 3089 966 3179 ἀνθρώπου
1014 3091 1366 3177 φαινόμενον
1403 3094 1462 3158 ἐν
1508 3101 1589 3174 τῷ
1621 3095 1873 3177 οὐρανῷ,
1924 3093 2066 3175 quid
2095 3099 2271 3157 erunt
2295 3102 2481 3159 πᾶσαι

155 3205 218 3270 αἱ
268 3203 446 3285 φυλαὶ
490 3209 593 3283 τῆς
636 3211 733 3285 γῆς
779 3199 1158 3281 κοπτόμεναι,
1221 3201 1514 3282 denique.
1537 3200 1571 3267 ὁ
1616 3198 1745 3276 υἱὸς
1789 3210 1897 3267 τοῦ
1944 3200 2274 3285 ἀνθρώπου
2318 3198 2480 3285 ἐρχό-

153 3336 325 3392 μενος
369 3312 460 3376 ἐπὶ
507 3319 625 3375 τῶν
668 3316 926 3392 νεφελῶν
971 3318 1079 3374 τοῦ
1110 3312 1370 3393 οὐρανοῦ
1418 3311 1481 3370 in
1510 3308 1829 3387 majestate
1870 3328 1978 3370 sua
2020 3317 2080 3372 et
2118 3311 2327 3390 gloria,
2378 3309 2479 3371 sti·

153 3425 326 3498 patus
372 3418 724 3497 angelorum
771 3423 953 3478 coetu
996 3417 1313 3479 innumero
1364 3415 1442 3497 (v.
1474 3414 1577 3480 30.
1620 3414 1727 3480 31.
1776 3415 1876 3479 cll.
1903 3415 2078 3487 XXV,
2111 3414 2294 3498 31.)?
2362 3414 2480 3490 Qui

158 3523 475 3587 contulerit
528 3543 679 3586 cum>
726 3543 782 3588 v,
841 3521 929 3589 30
983 3524 1155 3585 locos
1200 3521 1610 3602 Matth.‚xvl,
1661 3521 1764 3587 27.
1825 3521 1965 3600 (Mc.
2025 3521 2171 3595 vlu,
2212 3522 2316 3588 38.
2371 3522 2477 3587 Lc.

154 3634 247 3714 IX,
278 3630 392 3710 26)
439 3632 652 3696 Matth.
682 3631 856 3703 XXV,
889 3630 997 3696 31.
1043 3630 1242 3703 XXVI,
1284 3628 1373 3696 64
1420 3630 1564 3712 (Mc.
1593 3630 1741 3702 XIV,
1784 3628 1936 3712 62),.
1979 3650 2116 3691 cum
2165 3649 2346 3694 versu
2394 3628 2473 3695 31

156 3743 352 3804 locum
379 3739 586 3804 Matth.
616 3739 763 3811 xm,
793 3736 899 3803 41.
933 3740 1030 3802 cll.
1081 3742 1270 3819 Apoc.
1308 3738 1457 3802 XIV.
1496 3736 1769 3803 15—20
1817 3748 1877 3801 et
1927 3739 1955 3803 1
1992 3739 2213 3802 Thess,
2244 3739 2340 3811 lv,
2380 3738 2475 3812 16,

156 3853 464 3928 agnoscet,
512 3846 623 3908 has
667 3848 828 3925 ipsas
865 3846 1120 3926 phrases
1167 3847 1340 3926 quasi
1387 3846 1679 3908 solennes
1728 3841 1963 3906 Christo
2010 3845 2220 3916 fuisse,
2260 3844 2476 3923 quibus

293 4028 348 4092 7)
398 4026 738 4079 Recrudescit
785 4025 871 4077 bic
923 4039 1071 4075 error
1121 4039 1152 4074 a
1203 4022 1591 4087 Konigsmanno
1648 4027 1700 4074 et
1740 4022 1981 4074 Zeltnero
2031 4023 2327 4088 propositus
2385 4023 2475 4088 (cf.

157 4117 304 4169 Wolf
333 4117 368 4168 1.
407 4132 452 4169 c.
490 4114 619 4177 349)
671 4114 724 4165 in
769 4111 1013 4174 mediocri
1063 4109 1233 4179 utique
1272 4110 1599 4163 Sticherti
1648 4109 1926 4161 Comment-
1977 4106 2475 4176 exegetico-criticss,

159 4221 280 4276 quae
319 4205 571 4272 inscripta
608 4210 724 4255 est:
779 4203 840 4253 de
876 4199 1047 4253 reditu
1086 4199 1284 4251 Christi
1324 4199 1385 4250 ad
1421 4199 1671 4263 judicium
1709 4197 1923 4250 solenne
1960 4197 2021 4251 de
2052 4198 2185 4251 omni
2222 4204 2476 4251 terrarum

160 4296 275 4348 orbe
312 4294 592 4347 ferendum.
628 4291 777 4361 Lips.
821 4288 972 4343 1841.
1679 4276 1685 4282 ’
