2934 4797
1278 237 1362 303 85

158 416 476 476 notionem
520 413 817 474 minime
867 430 1008 474 esse
1055 417 1382 486 unicam,
1432 411 1545 474 sed
1589 429 1770 474 unam
1816 411 1893 473 de
1922 412 2144 486 multis,
2192 415 2256 474 in
2295 414 2368 478 N.
2404 412 2475 475 T.

157 528 386 592 autem,
435 518 608 597 cnjus
656 536 902 589 omnes,
949 536 1118 590 reor,
1166 520 1336 580 locos
1374 537 1552 598 supra
1596 519 1783 579 habes
1831 518 2142 592 collectos,
2190 520 2477 598 temporis

156 625 662 704 significationem
701 623 857 685 adeo
902 626 1152 689 rarius
1201 642 1553 696 occanere,
1620 642 1802 703 qnam
1850 630 2103 685 ceteras.

334 732 469 793 Jam
507 731 743 810 judicet
786 731 979 801 lector
1022 732 1340 811 ingenuus,
1390 733 1591 809 quanti
1637 731 2009 793 aestimanda
2055 731 2176 792 sint
2197 708 2482 793 Straussii

148 843 372 902 verba:
408 840 521 916 .(L.
560 839 612 900 J.
667 839 764 901 ed.
817 841 871 900 1.
921 839 990 911 11,
1030 838 1177 904 351.
1228 839 1322 900 ed.
1373 839 1434 904 3.
1475 839 1544 912 11,
1585 835 1768 916 373.)
1816 874 1899 886 -—-
1945 840 2138 901 selbst
2183 839 2281 900 die
2309 837 2481 917 Mog-

134 947 418 1020 ‘lichkeiss
466 948 630 1028 γενεά
671 949 774 1009 auf
816 949 952 1009 eine
1001 947 1109 1009 der
1146 949 1582 1027 angegebenen
1626 951 1811 1011 Arten
1862 953 1947 1025 (e.
1999 967 2058 1027 g.
2107 949 2212 1021 ita,
2277 953 2344 1008 ut
2399 949 2481 1008 si-

150 1051 406 1131 gnificet
433 1071 646 1133 genus,
695 1054 942 1132 stirpem
976 1071 1086 1114 seu
1117 1058 1390 1133 gentem)
1429 1070 1503 1114 zu
1535 1053 1782 1125 deuten,
1818 1032 2274 1126 verschwindet,
2304 1071 2482 1115 wenn

148 1175 295 1218 man
345 1162 593 1238 erwiigt,
644 1193 725 1203 ——-
773 1158 961 1230 „dass
989 1160 1047 1218 in
1088 1158 1478 1238 Verbindung
1516 1161 1625 1220 mit
1663 1161 1863 1219 einem
1904 1158 2167 1222 Verbum
2205 1153 2314 1220 der
2343 1159 2483 1220 Zeit

147 1263 287 1324 und
333 1265 494 1326 ohne
543 1268 811 1343 sonstige
858 1265 1273 1344 Bestimmnng
1318 1266 1482 1345 γενεά
1527 1266 1873 1344 unmoglich
1923 1266 2059 1326 eine
2108 1265 2333 1341 andre,
2392 1265 2481 1327 als

150 1372 334 1431 seine
399 1371 943 1450 ‚‚urspriingliche“
1003 1369 1400 1450 Bedeutung:
1465 1369 1861 1442 Generation,
1927 1358 2210 1432 Zeitalter
2281 1368 2482 1432 haben

151 1476 363 1536 kann:
370 1473 483 1556 ⁶³¹)
577 1473 778 1549 Quem
839 1477 1030 1537 virum
1083 1476 1383 1537 incautius
1442 1476 1543 1536 hic
1603 1477 1980 1554 ingressum,
2044 1477 2246 1537 minus
2281 1478 2564 1549 miror„

147 1616 359 1680 Lager,
409 1613 723 1679 Wohnnng;
762 1613 945 1665 deinde
977 1614 1222 1664 familiam
1259 1618 1310 1664 ct
1342 1614 1667 1680 progeniem,
1715 1621 1770 1665 nt
1815 1611 1960 1673 οἶκος
2004 1610 2200 1683 ἲσραὴλ
2234 1633 2306 1659 =
2343 1611 2485 1679 λαός,

155 1703 347 1755 deinde
382 1703 597 1767 stirpem
635 1702 789 1752 simul
827 1703 1115 1769 viventem,
1152 1709 1204 1753 et
1241 1708 1477 1753 aetatem.

300 1792 393 1855 41)
428 1792 504 1842 De
545 1792 721 1842 verbis
758 1792 944 1858 „seine
983 1791 1378 1856 urspriingliche
1414 1791 1784 1856 Bedeutnng‚“
1837 1791 2168 1858 imperiosius
2206 1806 2352 1857 qnam
2391 1789 2487 1840 do·-

146 1878 291 1929 etins
327 1879 516 1943 positis
555 1879 622 1928 nil
663 1878 958 1928 addendum.
1010 1879 1138 1928 lllud
1172 1879 1261 1944 „in
1282 1879 1615 1944 Verbindnng
1647 1879 1742 1929 ,mit
1777 1880 1941 1930 einem
1959 1879 2181 1929 Verbum
2218 1878 2309 1929 der
2334 1877 2487 1952 Zeit‘,

144 1969 258 2030 jam
304 1982 461 2016 versu
509 1971 753 2033 sequente
810 1966 1095 2032 refellitur3
1148 1968 1344 2018 coelum
1395 1967 1529 2018 enim
1582 1974 1633 2017 et
1678 1974 1820 2018 terra
1866 1983 1965 2018 non
2014 1973 2136 2018 sunt
2185 1975 2382 2033 tempus
2436 1974 2489 2019 et

148 2061 328 2105 tamen
364 2047 776 2124 παρελεύσεται.
848 2055 1080 2121 Denique
1117 2057 1306 2107 verba:
1364 2056 1535 2121 „ohne
1574 2057 1815 2120 sonstige
1852 2052 2239 2122 Bestimmnng“
2277 2054 2364 2105 vix
2400 2054 2487 2104 in-

150 2143 327 2207 telligi
363 2148 614 2210 possunt3
669 2144 819 2194 adest
854 2145 988 2194 enim
1024 2135 1056 2208 ἡ
1093 2139 1257 2211 γενεὰ
1295 2136 1459 2209 αὕτη
1472 2181 1488 2210 ,
1538 2146 1676 2196 sicut
1716 2145 1844 2195 Luc.
1880 2145 2055 2210 XVII,
2092 2146 2176 2195 25.
2233 2145 2358 2211 vll,
2399 2143 2485 2195 31.

150 2231 340 2282 matth.
377 2232 511 2295 XII,
558 2230 642 2281 39.
682 2231 749 2283 al.
787 2234 840 2282 et
875 2231 1065 2284 matth.
1098 2232 1250 2298 XVI,
1297 2230 1347 2282 4.
1386 2248 1485 2282 vox
1517 2228 1681 2300 γενεὰ
1717 2232 1868 2299 piane
1904 2233 2063 2300 nuda,
2111 2239 2163 2283 et
2199 2233 2315 2283 sine
2354 2224 2488 2297 αὕτη

150 2319 331 2385 posita
366 2320 575 2384 generis
613 2320 865 2385 stirpisve
904 2320 1281 2383 significatione
1319 2321 1521 2385 gaudet.
1595 2321 1655 2371 V.
1690 2321 1753 2371 Ι).
1792 2320 1972 2371 Stier
2008 2336 2199 2389 quoqne
2237 2321 2291 2371 in
2326 2321 2488 2372 libro:

152 2409 255 2459 Die
292 2410 466 2461 Reden
504 2412 598 2461 des
636 2411 806 2461 Hei-ru
846 2411 904 2476 2,
942 2410 1058 2461 569.
1100 2411 1226 2461 haec
1262 2411 1443 2461 habet:
1496 2427 1641 2462 wenn
1679 2427 1795 2462 man
1832 2426 1904 2461 so
1942 2416 2173 2477 streng
2208 2411 2491 2479 philolo-

156 2497 348 2562 gisch
386 2499 617 2548 darauf
651 2498 938 2560 besteht,
978 2499 1103 2548 dass
1137 2492 1304 2566 γενεά
1343 2514 1438 2549 ιιιιι·
1476 2498 1787 2549 Generation
1823 2500 2071 2559 bedente,
2119 2515 2180 2549 so
2220 2498 2485 2550 fibersieht

155 2602 274 2637 man
313 2604 467 2653 ganz,
507 2593 603 2639 etc.
678 2589 852 2654 ltaque
891 2604 1168 2654 quanquam
1200 2587 1342 2638 Stier
1379 2589 1676 2640 vertendum
1704 2604 1859 2639 esse:
1895 2605 2118 2656 „genns,
2158 2603 2294 2654 gens
2321 2584 2490 2638 haec“

160 2681 307 2727 reete
343 2675 506 2742 videt,
545 2679 713 2725 tamen
751 2675 960 2725 nonnisi
999 2675 1270 2725 relaxando
1308 2674 1520 2740 imperio
1545 2675 1857 2742 philologico
1897 2677 2030 2728 hanc
2059 2674 2491 2741 significationem

168 2761 546 2831 assequendam
581 2777 695 2814 cnm
729 2762 902 2812 multis
939 2762 1062 2812 aliis
1098 2768 1256 2828 putat.
1331 2763 1438 2813 Sed
1475 2778 1587 2815 cnm
1623 2769 1874 2815 renuente
1917 2761 2197 2830 philologia
2231 2763 2285 2814 in
2321 2764 2493 2830 serip-

166 2848 288 2902 tura
323 2851 379 2901 S.
417 2851 490 2900 nil
527 2850 810 2901 audendum
847 2851 949 2917 sit,
998 2850 1195 2900 meliori
1233 2865 1362 2901 sane
1389 2853 1501 2913 jam
1538 2851 1826 2902 conditione
1862 2850 2095 2904 collocati
2132 2866 2343 2919 snmus,
2381 2867 2496 2903 eum

163 2940 501 3008 philologiam
545 2941 823 2991 habeamus
870 2939 1019 3005 plane
1057 2944 1375 2990 annuentem.
1447 2940 1572 2991 [thr
1588 2942 1799 2992 ardum
1836 2957 2026 3009 qnoque
2064 2941 2096 2991 Ι.
2134 2956 2179 2993 c.
2216 2946 2269 2993 et
2303 2940 2494 2990 Horr-

134 3040 448 3080 mannum
487 3030 581 3095 (W
587 3030 873 3094 eissagung
909 3029 1009 3079 und
1047 3028 1323 3093 Erfflllung
1359 3029 1425 3096 11,
1464 3029 1609 3094 279.)
1648 3030 1823 3094 miror,
1859 3045 1960 3079 non
1999 3045 2159 3081 ausos
2198 3044 2340 3097 esse,
2377 3034 2493 3080 tra-

166 3116 350 3167 ditioni
397 3116 738 3194 recentiorum
788 3117 956 3166 falsae
1009 3112 1188 3181 aperta
1236 3115 1408 3166 fronte
1459 3116 1834 3168 contradicere.
1918 3116 2212 3169 Concedunt
2259 3117 2393 3169 enim
2442 3122 2495 3167 et

166 3205 292 3272 ipsi,
316 3201 417 3269 τὴν
437 3195 639 3271 γενεάν
665 3203 960 3254 vertendam
981 3218 1135 3253 esse:
1174 3207 1391 3253 aetatem
1410 3230 1482 3239 -—-
1501 3204 1830 3255 Generation.
1860 3232 1927 3242 -
1953 3205 2078 3257 Cum
2097 3220 2220 3255 vero
2248 3204 2492 3255 Christus

82 3295 85 3302 '
169 3295 255 3346 sie
292 3295 516 3345 diceret:
557 3292 726 3343 omnia
759 3292 862 3357 illa,
901 3306 1028 3359 qnae
1065 3292 1212 3342 modo
1250 3306 1352 3342 non
1388 3306 1480 3343 res
1517 3292 1665 3358 ipsae
1702 3287 1838 3359 sin't,
1876 3294 1970 3344 sed
2006 3309 2176 3345 rernm
2212 3294 2494 3344 futurarum

169 3384 342 3448 signa,
365 3386 482 3432 ante
501 3379 906 3445 praeterlapsam
927 3380 1293 3435 hancaetatem
1314 3384 1577 3445 eventura,
1597 3381 1776 3432 eadem
1797 3396 1922 3432 vero
1942 3396 2043 3432 non
2064 3381 2232 3433 omnia
2250 3380 2495 3430 evenisso

167 3479 370 3540 pateat,
417 3471 658 3521 medelam
694 3471 769 3520 ita
802 3469 912 3520 loco
951 3473 1132 3518 nostro
1171 3468 1359 3520 afferre
1397 3471 1630 3537 student,
1667 3476 1723 3521 nt
1757 3471 2059 3536 explanent:
2110 3470 2290 3522 horum
2327 3466 2491 3520 omni-

173 3578 254 3612 um
304 3559 494 3611 initia
536 3551 660 3610 fient
703 3558 801 3610 hoc
848 3557 980 3608 loeo.
1055 3558 1161 3607 Sed
1211 3558 1400 3611 verba:
1457 3554 1559 3617 ἕως
1596 3549 1667 3612 ἄν
1703 3551 1889 3612 πάντα
1924 3558 2096 3611 ταῦτα
2130 3559 2353 3627 γένηται
2387 3573 2489 3608 ιιοιι
2525 3599 2528 3602 .

172 3648 420 3700 vertenda
456 3654 608 3697 sunt:
647 3648 805 3698 donee
844 3644 1013 3696 omnia
1050 3644 1302 3715 inchoent,
1342 3643 1437 3697 sed
1474 3646 1729 3698 eveniant.
1803 3647 1908 3698 Sed
1945 3648 2043 3712 t’ac,
2078 3646 2154 3697 ita
2190 3648 2262 3698 uti
2301 3646 2492 3712 volunt,

173 3736 306 3789 verti
341 3753 526 3805 posse,
579 3737 821 3804 quomodo
859 3738 1059 3801 poterat
1103 3733 1236 3798 dici,
1294 3736 1422 3803 quod
1459 3722 1779 3800 stellae'jam
1814 3738 1974 3806 primo
2013 3754 2140 3789 aevo
2178 3738 2360 3789 cadere
2407 3736 2491 3787 in-

171 3825 397 3894 cipiant?
452 3826 653 3877 Etenim
691 3826 744 3875 hi
780 3822 1037 3875 duumviri
1071 3823 1253 3874 matth.
1291 3823 1357 3873 29
1394 3822 1613 3891 physice
1648 3824 2081 3894 interpretandum
2116 3830 2318 3893 putant,
2365 3825 2491 3876 reli-

173 3915 346 3981 gionis
399 3915 537 3966 nulla
580 3914 801 3966 ratione,
828 3909 1017 3965 habita.
1068 3942 1127 3951 —-
1179 3912 1416 3965 Ceterum
1462 3929 1692 3966 errorem
1735 3917 1875 3968 illum
1921 3912 2105 3968 nostrai.
2146 3920 2317 3966 aetate
2361 3918 2493 3982 apud

174 4006 504 4071 Theologos,
540 4020 642 4054 non
677 4003 993 4071 philologos,
1030 4000 1500 4067 frequentissimum
1534 4018 1637 4054 non
1675 4004 1844 4055 subito
1880 4004 2106 4055 irruisse
2142 4009 2387 4071 apparet,
2442 4007 2493 4056 si

176 4097 457 4149 Schottinm
492 4099 527 4149 l.
566 4113 612 4149 c.
650 4113 699 4163 p.
732 4095 832 4145 128
859 4109 968 4145 οιιιιι
1000 4089 1295 4145 Olshausen
1342 4092 1533 4145 Gomm.
1571 4110 1621 4160 p.
1658 4094 1777 4146 852.
1806 4093 1927 4145 899.
1964 4094 2261 4147 contuleris,
2298 4097 2493 4149 Schot-

176 4187 280 4237 tins
321 4188 680 4240 lubentissime
726 4183 1189 4250 largitur-,effata
1235 4184 1479 4251 quaedam
1513 4185 1580 4237 N.
1618 4183 1679 4235 Τ.
1719 4198 1879 4250 posse
1916 4182 2133 4248 intelligi
2179 4184 2242 4234 de
2287 4186 2489 4236 natione

176 4275 499 4342 Judaeornm,
537 4274 996 4330 necessitatem
1034 4292 1156 4328 vero
1185 4276 1234 4327 in
1265 4273 1466 4327 dubium
1505 4279 1673 4326 vocat.
1713 4272 2005 4324 Olshausen
2032 4289 2154 4327 vero
2181 4275 2308 4327 haec
2329 4290 2489 4325 ansus
