2934 4797
1557 238 1647 306 26

436 420 848 483 ticinationem
880 420 1101 483 Christi
1140 421 1318 501 plane
1366 421 1661 482 incertam
1709 427 1770 481 et
1811 419 1957 500 quid
1986 438 2106 500 quo
2154 421 2231 482 sit
2273 417 2661 482 referendum
2703 420 2780 479 in

440 525 619 588 dubio
640 526 1105 608 relinquentem.
1135 510 1374 606 'Neque
1405 545 1517 607 par
1541 527 1798 588 alterum
1826 525 2339 607 Evangelistarum
2374 526 2561 587 multo
2591 526 2784 586 aliter

437 648 506 691 ac
542 629 878 695 Matthaeus
913 651 1055 695 sese
1085 632 1293 705 habet;
1320 651 1531 713 quare
1563 634 1761 703 omnis
1790 634 2201 713 apostolorum
2244 634 2462 711 chorus
2502 637 2626 695 tam
2670 650 2779 694 er-

435 754 660 799 roneae
687 739 1021 803 traditionis
1051 745 1220 802 autor
1241 737 1469 800 debere
1501 757 1640 801 esse
1673 738 1749 822 (v.
1774 757 1823 801 s.
1845 758 1907 820 p.
1937 738 2062 823 11).
2113 739 2237 802 Sed
2257 738 2439 817 hujus
2459 738 2780 822 opinionis

438 849 911 925 consequentias
945 844 1090 908 fidei
1120 844 1484 906 christianae
1514 846 1595 906 ita
1622 845 2038 915 intolerabiles
2069 863 2245 926 supra
2280 848 2651 926 reperimus,
2700 856 2782 907 ut

435 951 602 1012 malit
636 954 767 1031 ipsa
806 953 1084 1031 extingui,
1135 956 1312 1031 quam
1353 942 1736 1030 suspiciones
1774 951 1907 1012 illas
1945 950 2261 1013 admittere
2300 956 2511 1013 contra
2544 951 2778 1013 Christi

434 1058 780 1130 veritatem,
861 1058 1318 1130 auctoritatem,
1392 1059 1727 1143 potentiam
1801 1064 1908 1118 aut
1983 1056 2472 1121 benevolentiam
2541 1063 2775 1120 motas,

435 1164 642 1244 ltaque
690 1163 1066 1242 Theologum
1113 1161 1329 1235 decet,
1378 1169 1480 1224 aut
1525 1163 1745 1235 silere,
1795 1169 1898 1226 aut
1935 1161 2101 1242 justo
2131 1162 2313 1225 modo
2344 1161 2782 1226 difficultatum

436 1273 800 1335 solutionem
845 1289 1164 1352 quaerere.

606 1376 700 1440 Ad
744 1378 864 1440 hoc
912 1396 1071 1458 opus·
1110 1395 1224 1440 nos
1269 1379 1662 1457 accingentes
1706 1379 2139 1441 renunciamus
2198 1378 2426 1442 artibus
2481 1378 2775 1441 omnibus

434 1488 694 1549 nativam
752 1503 969 1547 vocum
1033 1487 1152 1547 vim
1214 1486 1573 1548 violantibus
1640 1485 1721 1568 (e.
1769 1505 1828 1566 g.
1873 1487 1934 1547 in
1977 1504 2129 1548 voce
2191 1488 2422 1561 εὐθέως
2485 1487 2560 1548 cf.
2609 1496 2670 1547 η’.
2724 1483 2774 1550 6

437 1591 778 1668 adhibitis),
844 1599 942 1654 aut
986 1593 1161 1671 leges
1205 1594 1622 1673 grammaticas
1669 1598 1848 1673 atque
1893 1592 2319 1671 lexicologieas
2367 1601 2774 1656 contemnen-

440 1701 635 1762 tibus:
681 1699 950 1779 ingenue
999 1700 1162 1761 enim
1208 1697 1512 1781 agendum
1557 1705 1620 1761 et
1665 1700 1826 1760 omni
1875 1702 2061 1761 animi
2109 1700 2389 1762 candore.
2465 1701 2772 1763 Nolumus

435 1806 712 1880 evadere,
763 1807 876 1869 sed
918 1824 1060 1870 vera
1104 1806 1330 1870 videre.
1381 1805 1582 1880 Quare
1629 1806 2118 1869 renunciandum
2155 1826 2395 1889 quoque
2423 1809 2772 1889 putavimus

434 1916 655 1996 triplici
703 1912 926 1992 effugio
973 1913 1045 1974 ab
1094 1914 1375 1974 acumine
1404 1915 1801 1993 interpretum
1830 1921 2073 1994 paratot
2117 1916 2423 1993 primum
2471 1915 2768 1995 opinioni,

432 2023 736 2084 Christum
762 2020 871 2082 tali
898 2019 1211 2100 prophetia
1239 2021 1511 2099 potuisse
1552 2020 1910 2083 instructum
1940 2038 2115 2094 esse,
2166 2038 2320 2101 quae
2352 2023 2413 2082 in
2445 2039 2648 2083 errore
2678 2023 2771 2083 uti

432 2128 598 2207 ajunt
625 2128 824 2208 optico
852 2133 1210 2199 versaretur,
1243 2125 1318 2188 de
1351 2145 1469 2207 quo
1497 2146 1678 2208 ‘supra
1700 2126 2093 2190 disseruimus
2117 2126 2199 2210 (p.
2221 2127 2284 2195 9.
2322 2125 2466 2211 14.);
2497 2126 2767 2190 deinde

433 2245 812 2309 commento,
861 2235 1026 2317 quod
1073 2236 1344 2300 Christus
1390 2237 1727 2316 vigilantiae
1768 2237 2154 2299 consulturus
2199 2237 2403 2317 populi
2452 2237 2766 2298 christiani

433 2345 646 2408 dixerit
692 2343 942 2421 εὐθέως,
988 2360 1171 2424 quum
1216 2350 1317 2407 aut
1361 2362 1485 2406 non
1532 2344 1750 2418 sciret,
1799 2342 2041 2425 quando
2089 2344 2168 2407 sit
2212 2350 2497 2409 venturus
2543 2340 2759 2406 mundi

431 2451 602 2524 finis,-
634 2457 735 2513 aut
761 2453 975 2524 sciret,
1023 2451 1201 2531 longe
1250 2452 1446 2512 serius
1498 2468 1637 2512 eum
1664 2457 2003 2514 venturum.
2056 2447 2171 2525 Qui
2208 2452 2286 2514 ita
2325 2454 2500 2532 prava
2528 2454 2761 2514 ratione

433 2576 674 2622 causam
718 2560 941 2620 bonam
1001 2557 1302 2620 Christum
1350 2556 1558 2636 juvare
1605 2558 1871 2620 voluisse
1920 2561 2331 2638 suspicantur,
2385 2559 2551 2621 obliti
2595 2566 2757 2632 sunt,

435 2667 505 2730 ad
538 2666 839 2747 duplicem
880 2677 1095 2747 usque,
1136 2643 1267 2727 ‘non
1299 2684 1485 2727 unam
1521 2669 1977 2748 perversitatem
2015 2668 2328 2729 hominum
2355 2670 2622 2730 animum
2667 2668 2759 2728 in-

436 2776 690 2838 chnare:
741 2781 803 2836 et
840 2787 1302 2854 praeproperam
1333 2775 1553 2837 Christi
1594 2775 1911 2837 redeuntis
1954 2776 2466 2856 exspectationem
2506 2777 2569 2837 in
2597 2778 2757 2855 peri-

437 2885 633 2948 culum
660 2900 781 2944 non
811 2886 1023 2944 minus
1046 2902 1270 2947 vocare
1302 2902 1436 2946 rem
1462 2884 1870 2957 christianam,
1912 2897 2091 2965 quam
2120 2885 2551 2966 negligentiam
2570 2884 2754 2944 illam.

435 2991 636 3071 ltaque
692 2991 806 3052 hos
853 2998 974 3053 tam
1025 2993 1267 3072 ineptos
1312 2993 1402 3056 rei
1464 2992 1824 3055 christianae
1872 2990 2227 3055 defensores
2267 2991 2501 3070 judico,
2550 2998 2615 3054 ut
2657 3009 2757 3053 ac-

438 3107 773 3162 cusatorum
839 3100 1060 3160 Christi
1121 3102 1183 3161 in
1247 3117 1504 3161 numero
1575 3100 1693 3162 sint
1758 3099 2045 3164 habendi.
2147 3099 2273 3162 Sed
2334 3098 2755 3162 abstinendum

439 3223 673 3287 quoque
736 3205 1087 3268 arbitramur
1147 3207 1410 3267 tertio
1473 3206 1577 3267 illo
1644 3204 1868 3286 effugio
1929 3206 2076 3269 satis
2122 3208 2295 3278 trito,
2353 3203 2752 3268 convertenda

437 3331 653 3396 nempe
700 3315 760 3377 in
807 3331 985 3375 usum
1022 3309 1212 3377 nos'tri
1256 3315 1377 3376 loci
1423 3313 1725 3387 doctrina,
1794 3314 2013 3376 Christi
2066 3315 2375 3393 parusiam
2419 3331 2562 3379 esse
2609 3331 2750 3374 con-s

435 3423 682 3486 tinuam.
733 3422 1091 3506 Quanquam
1139 3423 1302 3485 enim
1347 3424 1731 3494 verissimum
1778 3431 1889 3498 est,
1933 3422 2227 3503 judicium
2266 3431 2596 3486 extremum
2629 3440 2747 3485 non

439 3551 574 3595 esse
640 3534 882 3614 generis
942 3534 1118 3614 plane
1175 3532 1326 3594 alius
1387 3538 1568 3612 atque
1617 3548 1676 3593 e.
1724 3549 1780 3611 g.
1843 3531 2142 3610 judicium
2198 3530 2273 3593 de
2320 3530 2746 3609 Hierosolymis

436 3642 648 3712 latum;
696 3657 1034 3721 quanquam
1083 3637 1409 3711 confiteor,
1460 3640 1515 3698 si
1560 3656 1693 3700 rem
1738 3638 2000 3718 penitius
2038 3637 2326 3718 indages,
2374 3656 2559 3700 unam
2607 3656 2743 3700 esse

435 3747 733 3827 parusiam
790 3766 1046 3829 eamque
1091 3746 1614 3828 progredientem,
1678 3743 1875 3808 donec
1928 3746 2163 3810 interna
2209 3748 2485 3825 parusiae
2533 3746 2745 3810 Christi

435 3855 618 3916 virtus
656 3853 881 3917 mundo
927 3862 1133 3917 nostro
1174 3855 1351 3935 quasi
1396 3852 1756 3915 immanens*
1788 3857 1851 3914 et
1896 3854 2157 3932 gratiosa
2195 3860 2257 3916 et
2284 3852 2628 3932 judicialis,
2671 3852 2742 3915 ab

436 3963 573 4025 imis
619 3964 861 4040 generis
907 3964 1097 4024 nostri
1141 3959 1550 4041 penetralibus
1595 3960 1845 4022 scandat
1890 3961 1962 4022 et‘
1992 3960 2410 4039 progrediatur
2444 3959 2519 4024 ad
2555 3961 2742 4040 pellu-

439 4066 640 4129 cidam
677 4070 770 4129 sui
798 4068 1347 4130 manifestationem
1378 4073 1723 4139 externam;
1770 4083 2115 4148 quanquam
2154 4065 2410 4147 denique
2446 4086 2555 4148 pro
2583 4075 2741 4130 certo

439 4176 714 4248 babeam,
765 4176 1067 4238 Christum
1111 4176 1320 4256 templi
1366 4175 1838 4238 devastationem
1884 4181 1947 4237 et
1989 4175 2155 4237 urbis
2202 4194 2323 4264 non
2370 4176 2568 4237 solum
2603 4179 2741 4240 vati·

442 4284 703 4347 cinatum
751 4301 890 4345 esse
929 4282 1113 4365 (quod
1156 4284 1309 4347 inira
1354 4280 1801 4365 ostendemus),
1847 4280 1960 4343 sed
2004 4284 2117 4346 sui
2152 4280 2387 4362 judicii,
2431 4301 2738 4366 suaeque
