2934 4797
1281 254 1360 323 71

149 430 272 495 Per
306 450 524 497 vocem
570 434 721 516 ἀμην
762 436 927 501 enim
968 433 1305 507 adseverat,
1353 433 1510 498 hanc
1538 429 1877 517 gentem⁸⁰)
1923 451 2044 495 non
2076 435 2471 510 interituram,

153 537 358 605 donec
400 538 592 607 noina
635 550 824 608 ταῦτα
872 543 1200 606 evenerint.
1291 543 1492 607 Verba
1539 538 1729 607 πάντα
1773 550 1962 606 ταῦτα
2008 561 2061 606 v.
2114 540 2220 607 34.
2281 546 2472 622 respi-

150 648 326 711 ciunt
365 648 444 712 ad
486 646 680 715 πάντα
722 658 910 716 ταῦτα
954 669 1011 715 v.
1060 649 1176 717 33:
1233 649 1495 732 ideoque
1555 650 1995 730 amplectuntur
2039 652 2264 723 omnia,
2314 669 2471 733 qnae

149 753 343 818 finem
389 756 757 823 antecedunt
799 758 1059 841 finisque
1104 760 1275 839 signa
1321 764 1482 820 sunt.
1551 754 1634 823 Τὸ
1660 768 1901 839 σημεῖον
1925 777 2069 822 vero
2099 760 2218 823 κατ’
2250 758 2334 834 ἐξ.
2365 757 2472 822 ad-

152 881 356 944 eoque
414 865 660 928 unicum
720 875 815 928 est
861 865 962 928 illa
1002 865 1305 945 Evangelii
1355 866 1419 927 in
1467 866 1614 927 orbe
1666 873 1957 929 terrarum
2013 868 2361 946 propagatio
2409 874 2471 929 et

152 970 443 1046 efficacia,
491 974 607 1053 qua
653 991 870 1035 ornnes
916 971 994 1036 ad
1032 971 1330 1051 judicium
1359 980 1773 1035 maturescunt
1817 977 1908 1049 (V.
1939 969 2071 1051 14.)
2118 979 2470 1035 extremum.
2577 973 2582 979 ’

148 1076 338 1157 Ergo,
398 1078 451 1139 si
498 1078 772 1142 Christus
809 1079 983 1153 dicit,
1042 1077 1235 1144 noim
1278 1080 1469 1144 ταῦτά
1505 1081 1831 1159 superstite
1886 1079 1999 1142 hac
2054 1086 2234 1161 gente
2283 1097 2467 1145 even·

150 1190 309 1256 tura,
356 1184 538 1276 simul
583 1183 756 1259 dicit,
803 1186 919 1266 ipsi
967 1204 1206 1265 quoque
1253 1186 1603 1266 facultatem
1652 1184 1942 1249 credendi
1990 1192 2049 1248 et
2091 1187 2262 1249 verbi
2298 1188 2467 1248 audi-

152 1291 301 1359 endi
342 1295 685 1359 restitutum
743 1295 837 1359 iri.
927 1294 993 1357 Si
1045 1311 1190 1358 vero
1244 1295 1581 1356 accuratius
1625 1292 1831 1356 Matth.
1878 1312 1935 1357 v.
1984 1289 2070 1359 34
2114 1296 2468 1373 inspexeriS‚

147 1403 312 1465 haec
360 1405 419 1465 ei
467 1402 744 1467 videntur
786 1405 1033 1467 inesse:
1069 1404 1386 1483 primum
1420 1406 1720 1466 incertum
1766 1421 1909 1465 esse
1954 1412 2216 1484 poterat,
2272 1409 2474 1465 utrum

147 1510 255 1571 hic
308 1509 565 1590 populus
621 1518 817 1588 strage
879 1510 980 1572 illa
1037 1509 1213 1590 plane
1268 1510 1351 1572 sit
1401 1509 1785 1583 interiturus,
1846 1507 2032 1591 (quod
2083 1511 2286 1588 utique
2345 1528 2469 1587 non

148 1617 361 1697 paucis
392 1617 643 1696 contigit
690 1616 1001 1695 gentibus)
1025 1618 1396 1697 'priusquam
1433 1615 1653 1688 credat,
1703 1633 1780 1678 an
1807 1623 1945 1696 post
1972 1614 2275 1677 funestam
2303 1616 2468 1678 illam

150 1722 401 1789 cladem
440 1728 753 1801 superstes
798 1721 876 1784 sit
902 1721 1163 1794 iuturus;
1212 1718 1516 1798 deinde,
1560 1726 1758 1782 utrum
1785 1718 2005 1783 'mores
2034 1738 2178 1782 suos
2208 1739 2347 1783 cum
2375 1723 2466 1783 in·

136 1829 450 1913 fidelitate
488 1833 787 1895 tenaciter
831 1831 911 1894 sit
964 1840 1338 1904 servaturus,
1395 1829 1596 1893 donec
1639 1830 1715 1892 ad
1774 1849 1989 1894 omnes
2045 1831 2193 1894 alias
2238 1838 2473 1913 xgentes

151 1941 505 2020 pervenerit
551 1939 973 2018 Evangelium,
1032 1956 1107 2001 an
1168 1940 1343 2001 citius
1400 1937 1662 2000 credens
1715 1926 2041 2002 mutatione
2085 1939 2251 2001 felici
2288 1957 2473 2019 pecu-

148 2047 325 2109 liaris
380 2048 640 2129 populus
688 2064 831 2111 esse
894 2045 1060 2128 prius
1107 2047 1188 2108 sit
1222 2045 1575 2109 desiturus?
1643 2044 1935 2128 deniqn
1952 2065 2016 2120 e,
2073 2064 2219 2108 num
2262 2050 2473 2112 revera

150 2155 551 2234 Evangelium
594 2156 879 2218 atrociter
938 2156 1013 2218 ab
1060 2156 1211 2235 ipsis
1261 2155 1577 2234 repulsum
1632 2153 1707 2216 ad
1768 2171 1875 2217 eos
1930 2173 2312 2219 reversurum
2348 2156 2475 2219 sit?

155 2262 331 2338 Quae
378 2263 577 2327 omnia
625 2262 845 2326 Christi
889 2259 1067 2325 verba
1113 2258 1326 2324 Mattb.
1355 2257 1481 2336 ,34
1530 2261 1746 2340 parall:
1805 2263 2117 2341 respicere
2174 2261 2475 2327 videntur.

153 2369 249 2434 De
296 2370 650 2450 quaestione
697 2368 904 2432 ultima
941 2366 1073 2448 jam
1120 2366 1526 2450 disputatum,
1570 2375 1632 2431 et
1675 2386 1786 2448 per
1827 2370 2009 2433 verba
2056 2366 2246 2436 πάντα
2289 2378 2479 2438 ταῦτα

161 2496 302 2543 eam
355 2473 637 2542 affirmari
692 2484 1028 2542 ostensum.
1107 2474 1204 2539 Ad
1249 2473 1584 2539 secundam
1625 2495 1771 2539 vero
1819 2485 1880 2544 et
1923 2480 2178 2561 primam
2207 2480 2478 2543 Christus

161 2592 373 2667 aperte
419 2582 778 2660 adseverare
826 2582 980 2645 mihi
1023 2581 1287 2654 videtur,
1351 2582 1511 2644 hanc
1569 2588 1818 2663 gentem
1866 2602 1989 2647 non
2037 2586 2233 2648 solum
2268 2604 2478 2667 super-

161 2694 368 2758 stitem
392 2689 619 2774 fore³¹)
665 2697 804 2772 post
847 2689 1154 2753 funestum
1201 2688 1350 2754 illud
1388 2688 1711 2768 judicium,
1757 2691 1871 2754 sed
1900 2694 2080 2754 etiam
2108 2694 2478 2774 peculiarem

159 2799 451 2883 populum
494 2814 842 2862 mansuram
889 2795 1278 2878 moribusque
1325 2797 1532 2876 patriis
1578 2796 1996 2872 adhaesuram,
2034 2798 2235 2866 donec
2272 2804 2475 2884 omnia

160 2910 267 2974 illa
315 2910 485 2988 signa
529 2907 777 2986 impleta
820 2907 969 2967 sint:
1013 2906 1056 2967 i.
1106 2922 1159 2966 e.
1204 2904 1305 2966 ubi
1326 2923 1493 2984 gens
1522 2904 1893 2968 Iudaeorum
1928 2908 2259 2988 peculiaris
2286 2928 2477 2991 popu-

162 3017 261 3078 lus
308 3031 448 3078 esse
497 3012 765 3076 desitura
809 3013 904 3084 sit,
952 3017 1158 3073 cetera
1197 3012 1399 3074 omnia
1435 3009 1567 3088 jam
1613 3012 1888 3076 absoluta
1921 3012 2050 3076 fore
2082 3022 2144 3076 et
2168 3012 2473 3097 Evangelii

161 3142 274 3206 per
318 3120 530 3185 orbem
573 3120 1597 3201 terrarum,propagationem'tunc
1632 3118 1878 3193 finitam,
1925 3119 2027 3184 ubi
2072 3122 2170 3184 hic
2215 3127 2474 3204 populus

165 3236 569 3302 convertatur.
660 3228 867 3309 ltaque
913 3227 1076 3289 hunc
1121 3227 1408 3308 populum
1467 3230 1640 3309 quasi
1690 3237 2064 3293 reservatum
2113 3233 2183 3294 iri
2223 3232 2476 3307 indIcat,

163 3346 250 3412 nt,
296 3338 683 3419 apparitionis
716 3336 935 3404 Christi
983 3353 1093 3397 suo
1139 3333 1319 3424 modo
1348 3355 1461 3417 per
1488 3340 1690 3400 omnia
1725 3346 2001 3419 tempora
2037 3341 2227 3414 testis,
2275 3341 2472 3405 oculis

163 3447 293 3510 suis
335 3447 536 3511 videat
578 3446 671 3508 rei
716 3446 1075 3508 christianae
1117 3463 1230 3525 per
1264 3444 1484 3508 orbem
1503 3452 1795 3510 terrarum
1821 3449 2279 3524 incrementum,
2328 3470 2476 3532 gen-

165 3553 361 3618 tilium
404 3552 827 3633 principatum,
875 3552 1282 3632 consciusque
1328 3550 1428 3615 fiat
1474 3570 1708 3632 poenae
1757 3553 2039 3619 divinitus
2091 3557 2208 3636 ipsi
2250 3557 2474 3620 illatae.
2525 3571 2530 3582 ¹

166 3661 255 3725 lta
293 3659 546 3740 injuriae
593 3679 739 3724 suae
778 3659 1047 3730 convicta
1094 3667 1155 3721 et
1191 3659 1495 3724 ecclesiae
1527 3658 1887 3724 christianae
1917 3665 2162 3726 victoria
2192 3667 2476 3738 emollita,

171 3769 244 3833 ab
295 3766 441 3832 orbe
488 3769 813 3830 christiano
858 3766 1043 3831 veluti
1078 3785 1253 3847 parva
1297 3767 1494 3830 insula
1541 3768 1907 3834 circumdata
1937 3789 2091 3852 gens
2115 3772 2478 3837 Judaeorum

170 3896 208 3941 a
243 3876 580 3959 pervicacia
621 3877 732 3938 sua
777 3873 1054 3937 desistet.
1727 3875 1734 3881 ’

176 4004 306 4011 m·—
320 4000 627 4014 -q—--ae—
642 3999 748 4006 --—

312 4052 405 4118 30)
441 4052 517 4104 De
552 4063 681 4103 voce
714 4043 880 4120 γενεά
917 4049 1057 4104 infra
1090 4049 1401 4104 accuratius«
1416 4050 1773 4118 disputabitur.

311 4142 404 4206 31)
439 4141 580 4193 Iden
614 4139 841 4192 forsitan
873 4139 1058 4192 matth.
1092 4156 1142 4191 v.
1178 4140 1246 4192 22
1283 4139 1472 4192 dictum
1507 4145 1623 4193 est:
1659 4142 1763 4195 nisi
1797 4140 2223 4197 abbreviarentnr
2248 4145 2361 4200 dies
2388 4146 2482 4216 illi,

171 4249 318 4289 nemo
353 4232 620 4287 incolumis
657 4232 827 4299 ἴοι-οὒς
863 4247 989 4298 ergo
1027 4236 1176 4285 erunt
1210 4232 1366 4302 aliqui
1400 4231 1712 4302 incolumen
1748 4238 1801 4287 et
1833 4233 1962 4290 Luc.
1998 4235 2097 4289 24:
2149 4234 2244 4289 acal.
2278 4236 2482 4309 αἰχμα-

172 4316 603 4393 λωτισθήσονται
639 4321 714 4384 εἰς
746 4315 935 4379 πάντα
967 4318 1036 4375 τὰ
1069 4320 1219 4389 ἔθνη.
