2934 4797
1318 266 1400 336 41

187 446 367 512 τέκνα
417 446 630 512 Matth.
682 448 804 522 XV,
865 447 978 522 26,
1037 448 1097 513 οἱ
1151 454 1385 514 πολῖται
1443 449 1633 514 αὐτοῦ
1679 449 1824 512 Luc.
1871 448 2040 522 XIX',
2106 445 2187 516 14
2244 448 2345 513 cll.
2406 448 2516 530 27)

188 555 611 628 excludentur,
660 564 723 620 et
769 554 844 618 ab
873 555 1125 617 Oriente
1174 562 1358 635 atque
1388 554 1745 628 Occidente,
1780 573 1828 619 -a
1855 553 2113 619 Meridie
2162 563 2223 619 et
2261 556 2517 637 Septen·
2599 570 2608 579 ·

185 662 393 725 trione
439 663 759 726 multitudo
804 664 1119 725 hominum
1165 663 1508 726 invitabitur
1551 664 1876 743 venietque
1934 662 2009 724 ad
2056 663 2326 727 divinum
2372 681 2521 725 con-

191 769 420 832 vivi‘um
466 769 615 835 Luc.
660 770 811 844 XIlI,
860 768 966 837 29.
1013 771 1240 834 Verum
1287 769 1685 833 excludentur
1729 771 1828 833 isti
1873 789 1994 832 non
2038 774 2098 835 vi
2144 771 2257 833 sed
2299 771 2410 841 ita,
2458 777 2523 834 ut

187 894 428 957 poenas
472 877 637 940 luant
681 877 1051 958 pervicaciae
1106 877 1412 957 animique
1459 877 1626 958 impii
1677 877 2109 958 prophetarum
2149 878 2521 958 'sanguinem

195 985 464 1046 sitientis
510 984 659 1047 Luc.
704 985 833 1058 xl,
865 983 973 1052 49.
1021 983 1127 1052 50.
1175 982 1280 1050 51.
1329 984 1541 1049 Matth.
1587 985 1754 1058 XXI,
1798 983 1908 1051 43.
1981 986 2274 1049 Homines
2327 983 2521 1046 filium

200 1084 559 1163 necabunt,
620 1090 733 1154 sed
783 1093 962 1155 instat
1000 1091 1331 1171 judicium,
1393 1091 1585 1174 gradu
1631 1093 1820 1155 celeri
1878 1096 2340 1174 appropinquat:
2403 1093 2522 1155 hoc

195 1200 402 1279 ipsum
431 1197 746 1259 hominum
776 1215 993 1262 aevum
1020 1217 1283 1278 poenam
1309 1198 1438 1287 luet
1455 1217 1510 1262 v·
1531 1198 1638 1265 50.
1660 1197 1770 1264 51.
1813 1197 2024 1262 Matth.
2044 1197 2244 1271 xxm,
2273 1197 2376 1266 36.
2402 1198 2522 1265 35:

197 1304 366 1379 ὅπως
411 1310 569 1389 ἔλθῃ,
607 1306 693 1390 ἐφ’
742 1305 898 1386 ὑμᾶς
948 1315 1064 1370 πᾶν
1108 1303 1258 1387 αἷμα
1302 1309 1527 1371 δίκαιον
1576 1313 1692 1370 etc.
1784 1306 1958 1371 Mora
2015 1286 2313 1389 quaedam
2371 1309 2521 1389 ipsis

201 1414 404 1477 divina
448 1415 636 1494 gratia
683 1432 979 1478 concessa
1028 1415 1160 1477 erit.
1242 1414 1487 1477 Etenim
1531 1414 1681 1479 Luc.
1726 1413 1885 1488 XIX,
1936 1415 2017 1481 12
2063 1435 2196 1498 sqq.
2242 1417 2519 1496 legimus,

197 1523 399 1584 virum
456 1523 727 1586 nobilem
773 1521 843 1604 (i.
889 1540 944 1584 e.
997 1523 1300 1584 Christum
1349 1522 1425 1587 cf.
1473 1542 1527 1586 v.
1577 1520 1684 1588 26.
1731 1522 1840 1606 27)
1887 1542 2072 1603 quum
2119 1525 2283 1588 cives
2328 1499 2529 1604 ipsius⁸

202 1628 247 1688 i.
299 1646 355 1689 e.
404 1627 668 1711 (ludaei)
715 1631 1039 1710 imperium
1086 1628 1533 1693 detrectassent
1593 1630 1670 1714 (v.
1740 1627 1845 1709 14)
1909 1631 2133 1693 abiisse
2195 1632 2259 1693 in
2318 1631 2550 1693 locum-

197 1732 381 1797 valde
440 1741 778 1810 remotum,
846 1736 1047 1817 ibique
1108 1755 1366 1817 regnum
1413 1737 1764 1817 accepisse,
1831 1738 1871 1797 i.
1923 1755 1979 1801 e.
2025 1742 2328 1799 mortuum
2378 1757 2521 1801 esse

205 1848 267 1904 et
312 1840 628 1903 moriendo
678 1841 754 1904 ad
803 1842 1065 1905 divinam
1107 1841 1356 1921 gloriam
1398 1842 1737 1906 exaltatum.
1785 1842 2141 1923 Priusquam
2171 1841 2524 1918 decederet,

197 1948 524 2030 reliquisse
571 1949 765 2026 servis
812 1949 942 2012 suis
984 1951 1179 2012 minas
1228 1967 1338 2012 seu
1375 1951 1616 2023 talenta,
1666 1967 1819 2029 quae
1869 1950 2125 2012 absente
2162 1951 2297 2030 ipso
2336 1934 2560 2013 debe-⁷

198 2063 337 2118 rent
372 2056 705 2147 foenerari.
779 2054 1036 2120 Posthac
1081 2057 1259 2120 rediit
1300 2077 1358 2122 v.
1411 2055 1512 2130 15,
1558 2060 1822 2121 visitavit
1865 2059 2096 2121 amicos
2146 2066 2209 2121 et
2255 2061 2525 2123 excussit

202 2145 501 2247 cujusque
536 2146 792 2241 merita,
843 2166 1054 2229 hostes
1100 2185 1245 2231 vero
1292 2167 1459 2240 illos,
1512 2167 1610 2246 qui
1658 2167 1982 2230 noluerant
2023 2169 2224 2247 ipsum
2267 2185 2522 2246 regnum

199 2272 445 2345 habere,
492 2275 690 2354 poena
736 2274 1086 2353 gravissima
1133 2273 1290 2336 affici
1328 2272 1512 2353 jussit
1558 2276 1632 2353 (v.
1665 2274 1798 2349 27).
1890 2272 2012 2349 Qui
2044 2275 2302 2355 insignis
2349 2274 2522 2336 locus

202 2385 522 2460 praeterea
586 2379 796 2454 docet,
864 2379 1172 2443 Christum
1224 2378 1527 2459 judicium
1586 2377 1662 2443 de
1726 2378 1977 2443 ludaeis
2035 2380 2358 2444 ferendum
2411 2400 2523 2444 suo

201 2487 440 2549 muneri
500 2491 562 2549 et
622 2489 794 2567 operi
853 2488 1286 2574 accensuisse3
1349 2486 1918 2567 Hierosolymorum
1957 2485 2288 2551 devastatio
2330 2488 2523 2568 ipsius

201 2602 370 2668 nutu,
390 2603 709 2675 praesente
734 2597 907 2676 quasi
929 2595 1516 2675 Christo'peragitur.
1564 2594 1695 2657 Hoc
1717 2595 1854 2657 loco
1872 2596 2209 2657 clarissime
2231 2595 2523 2658 adventus

205 2719 314 2764 seu
343 2701 575 2765 reditus
607 2702 831 2764 Christi
860 2703 1138 2764 statuitur
1166 2700 1241 2764 ad
1262 2700 1564 2780 judicium
1592 2700 1844 2763 Judaeis
1872 2700 2293 2783 infligendum.
2342 2703 2524 2763 Simi-

209 2809 347 2871 liter
384 2828 452 2872 se
492 2810 672 2873 habet
712 2808 923 2873 Matth.
950 2808 1020 2881 X,
1065 2808 1172 2873 23.
1215 2808 1329 2872 Hic
1369 2826 1612 2890 quoque
1651 2806 1829 2886 jubet
1863 2808 2193 2889 discipulos
2239 2829 2361 2872 non
2408 2817 2525 2873 sta-

202 2918 311 2978 tim
339 2917 519 2995 plane
552 2914 872 2979 discedere
908 2917 980 2978 ab
1020 2914 1257 2996 oppidis
1279 2916 1624 2980 Ιετιιὸὶίιίοίε
1643 2914 1744 2998 (cf.
1762 2914 1832 2989 X,
1855 2912 1918 2979 5.
1941 2914 2027 2997 6),
2049 2915 2164 2978 sed
2182 2935 2525 2999 quanquam

202 3025 664 3117 persecutiones
711 3026 1029 3116 ingruant,
1089 3024 1236 3087 satis
1286 3023 1545 3097 habere,
1598 3030 1663 3085 ut
1709 3022 1938 3102 fugiant
1985 3041 2059 3085 ex
2093 3025 2230 3087 alio
2275 3025 2520 3089 Israelis

205 3131 426 3212 oppido
487 3133 549 3192 in
606 3132 789 3196 aliud.
879 3132 1074 3195 Vitam
1136 3106 1378 3212 quidem
1441 3150 1615 3194 suam
1672 3147 1753 3193 ne
1814 3128 2227 3211 imprudenter
2282 3134 2524 3197 tradant

148 3275 154 3281 ·
203 3241 726 3321 persecutoribus,
774 3239 888 3303 sed
933 3258 1012 3302 ne
1058 3240 1287 3319 fugiant
1329 3241 1517 3320 plane
1566 3256 1639 3301 ex
1683 3238 1929 3303 Judaea.
2004 3240 2107 3303 Sic
2154 3243 2320 3303 enim
2356 3259 2522 3304 mora

206 3350 342 3410 huic
387 3351 555 3428 genti
605 3367 901 3411 concessa
951 3354 1077 3411 erat
1122 3349 1196 3411 cf.
1227 3347 1373 3410 Luc.
1412 3346 1561 3420 Xlll,
1610 3344 1801 3420 6-9,
1850 3354 1911 3410 et
1955 3353 2196 3429 tempus
2244 3349 2521 3413 obtinen-

207 3456 323 3519 dae
360 3457 583 3536 gratiae
630 3449 997 3526 destinatum
1040 3474 1162 3519 non
1209 3456 1426 3520 frustra
1475 3456 1747 3536 elapsum
1787 3472 1928 3518 esse
1959 3463 2214 3522 constat.
2262 3456 2389 3519 Sed
2425 3476 2522 3519 re-

205 3565 435 3644 reliqua
465 3581 705 3644 quoque
733 3565 918 3628 verba
946 3564 1156 3628 Matth.
1187 3562 1264 3639 X,
1298 3563 1383 3630 23
1402 3549 1721 3628 ¹simillima
1751 3568 1891 3626 sunt
1925 3563 2063 3625 loco
2100 3581 2281 3645 supra
2322 3565 2519 3627 citato.

204 3673 288 3734 lta
335 3674 497 3733 enim
540 3673 765 3753 pergit:
826 3690 1043 3744 amen,
1106 3672 1241 3734 dico
1278 3672 1489 3746 vobis,
1548 3690 1670 3733 non
1718 3670 2045 3733 absolvetis
2093 3673 2209 3755 (sc.
2269 3689 2525 3753 evange·

206 3777 471 3860 lizando)
519 3779 703 3844 urbes
746 3779 1019 3851 lsraeIiS,
1068 3777 1268 3842 donec
1311 3781 1519 3843 veniat
1561 3777 1723 3840 filius
1767 3778 2050 3841 hominis.
2141 3778 2310 3840 Hanc
2348 3796 2524 3858 paru·

208 3887 361 3949 siam
426 3903 545 3947 non
611 3885 904 3965 quadrare
969 3886 1044 3949 ad
1101 3887 1502 3950 Pentecostes
1559 3886 1813 3960 festum,
1878 3891 2076 3967 patet:
2140 3882 2321 3962 hujus
2379 3887 2523 3949 festi

206 4003 478 4077 tempore
506 3996 569 4056 in
596 3995 780 4057 urbes
808 3995 1185 4059 Palaestinae
1213 3996 1390 4076 plane
1420 4015 1544 4058 non
1574 3977 1860 4069 exierant,
1908 4013 2027 4057 nec
2053 3995 2520 4074 persecutiones

207 4104 494 4185 fugasque
544 4104 772 4184 experti
818 4110 987 4167 erant
1032 4103 1266 4186 (Matth.
1295 4103 1366 4178 X,
1411 4122 1466 4167 v.
1509 4102 1647 4187 23);
1694 4121 1840 4167 nam
1868 4104 2089 4165 Christi
2125 4102 2316 4182 ipsius
2339 4100 2520 4181 jussu

207 4211 526 4289 tranquille
565 4208 787 4272 sedere
818 4210 1127 4273 debebant
1153 4210 1593 4291 Hierosolymis
1631 4217 1770 4291 post
1791 4209 2033 4272 Domini
2071 4212 2515 4282 ascensionem,

213 4317 406 4384 donec
449 4317 844 4384 induerentur
888 4320 1104 4382 virtute
1150 4317 1349 4384 divina
1396 4319 1471 4384 ab
1520 4318 1642 4383 alto
1688 4316 2106 4382 descendente
2139 4315 2286 4382 Luc.
2317 4315 2516 4389 XXIV,
