2934 4797
15 4259 23 4298 't

1310 267 1350 335 3

153 449 422 521 excidio,
470 447 635 529 quod
677 447 1040 510 recentioris
1091 446 1225 509 aevi
1269 444 1476 507 multis
1521 442 1826 526 placuit.⁸)
1903 442 2105 519 Quare
2144 443 2206 504 hi
2245 443 2493 523 quidem

155 558 408 629 omnia,
477 573 633 636 quae
682 555 955 617 Christus
1003 554 1089 616 ihi
1131 551 1533 633 praedixerit,
1592 550 1720 631 jam
1769 551 2048 614 evenisse
2093 558 2341 632 putant,
2408 551 2499 613 illi

154 684 312 729 vero
359 671 464 726 aut
507 663 687 736 nihil,
737 669 840 726 aut
883 680 1077 742 pauca
1127 660 1202 725 ad
1247 664 1519 743 ipsorum
1557 678 1751 742 usquc
1798 679 2016 724 aevum
2056 662 2303 742 impleta
2342 664 2498 725 exis·

426 791 527 795 .-.---
614 787 751 795 ,⁸—

156 842 215 896 id
237 840 472 910 equidem
490 840 739 892 noluerim
760 855 872 892 cum
895 836 1128 891 Schottio
1148 853 1240 906 pro
1261 841 1402 891 certo
1431 841 1681 890 statuere.
1718 836 2013 891 Hilarius
2034 841 2203 891 autem
2219 837 2499 893 Comment.

156 934 217 986 in
253 930 439 984 Matth.
477 931 535 984 Ο.
572 931 735 984 XXV.
772 929 968 982 XXVI.
1007 928 1085 980 ed.
1122 930 1291 980 Maur.
1332 926 1469 979 1693
1505 944 1554 995 p.
1594 927 1694 979 729
1733 942 1811 996 sq.
1850 927 1957 980 ait=
1995 927 2113 997 quia
2146 927 2252 980 tria
2286 928 2346 996 (a
2384 928 2501 982 dis-

161 1021 380 1090 cipulis)
416 1022 472 1073 in
507 1036 661 1073 unum
696 1019 935 1089 quaesita
970 1021 1121 1088 sunt,
1173 1016 1436 1070 distinctis
1475 1022 1527 1069 et
1560 1017 1808 1084 temporis
1846 1021 1900 1069 et
1934 1017 2306 1083 intelligentiae
2344 1034 2505 1087 sepa-

161 1108 458 1163 rationibus
496 1108 871 1175 siguiflcantur.
943 1107 1308 1174 Respondetur
1355 1105 1517 1172 igitur
1558 1106 1776 1173 primum
1825 1106 1888 1158 de
1932 1105 2165 1159 civitatis
2217 1122 2408 1160 occasu
2455 1113 2506 1160 et

162 1201 533 1253 confirmantur
569 1196 788 1250 veritate
825 1195 1105 1262 doctrinae,
1139 1210 1205 1247 ne
1240 1193 1355 1263 quis
1391 1194 1551 1245 fallax
1586 1193 1946 1260 ignorantibus
1981 1199 2167 1261 posset
2202 1193 2505 1269 ohrepere.“

163 1289 239 1342 Et
285 1292 557 1356 postquam
603 1286 664 1338 dc
701 1287 909 1338 Simone
949 1284 1278 1337 Samaritano
1324 1285 1486 1336 verba
1532 1285 1683 1349 fecit,
1727 1282 1803 1336 ita
1848 1285 2053 1351 pergin
2107 1285 2262 1354 „quia
2309 1285 2408 1338 hoc
2452 1286 2508 1337 in

163 1377 536 1446 Apostolorum
572 1381 805 1443 tempora
839 1376 1169 1444 conveniret,
1218 1373 1464 1427 Christus
1504 1374 1606 1427 ait:
1656 1390 1759 1427 non
1807 1379 1891 1427 est
1931 1374 2070 1428 finis.
2146 1376 2251 1429 Sed
2287 1391 2352 1428 ne
2387 1380 2508 1429 tunc

166 1469 402 1537 quidem,
459 1483 572 1520 cum
622 1471 805 1533 gentes
844 1466 1099 1517 adversus
1146 1481 1207 1516 se
1253 1470 1425 1518 mutuo
1474 1470 1526 1517 et
1568 1480 1734 1531 regna
1775 1469 2098 1519 concurrent.
2135 1495 2205 1507 —
2242 1465 2349 1518 Sed
2394 1481 2506 1518 cum

169 1556 446 1610 universis
506 1554 666 1607 fuerit
722 1553 948 1620 cognitio
1008 1554 1321 1606 sacramenti
1371 1553 1619 1606 coelestis
1671 1553 1908 1621 invecta,
1961 1559 2090 1607 tum
2138 1554 2506 1607 Jerusalem

173 1659 454 1698 occasus
507 1648 561 1696 et
608 1642 770 1694 finis
821 1640 1191 1695 incumbet.“
1264 1643 1442 1711 Itaque
1481 1643 1689 1707 clucet,
1746 1642 1999 1695 Hilarium
2048 1642 2103 1694 in
2147 1642 2313 1711 prima
2362 1640 2507 1711 parte

173 1734 362 1802 capitis
400 1749 449 1786 v.
487 1732 662 1784 4-14
696 1732 1178 1799 Hierosolymorum
1214 1732 1475 1783 interitum
1523 1716 1702 1783 v'idere
1749 1731 2086 1798 praedictum.
2153 1733 2225 1784 Et
2257 1733 2509 1785 Irenaeus

177 1829 268 1876 aut
317 1823 557 1876 similiter
603 1824 665 1875 de
701 1838 749 1873 v.
788 1819 966 1872 4--14
1012 1821 1214 1887 sensit3
1271 1826 1359 1873 aut
1394 1822 1457 1872 ab
1496 1820 1766 1888 Hippolyti
1800 1820 2032 1888 partibus
2071 1821 2218 1873 stetit
2261 1818 2336 1888 (ir.
2373 1822 2509 1888 int).

175 1914 310 1966 Illud
360 1928 482 1964 vero
533 1911 781 1978 concedo,
834 1915 887 1962 et
923 1910 1191 1961 Irenaeum
1230 1913 1283 1960 et
1318 1908 1568 1961 Hilarium
1606 1909 1671 1960 ad
1707 1924 1883 1961 eorum
1918 1924 2181 1961 numerum
2230 1911 2510 1980 pertinere,

177 2002 266 2071 qui
302 2002 366 2052 ad
404 1998 547 2053 orbis
581 2000 734 2051 finem
769 2001 1070 2064 properent,
1107 1995 1252 2048 urbis
1291 1995 1540 2049 excidium
1576 1996 1728 2064 parvi
1762 1997 2045 2063 pendentes
2084 2001 2137 2049 et
2170 1996 2507 2052 revelationis

182 2089 382 2144 Christi
430 2088 682 2156 plenioris
733 2087 848 2154 spei
893 2098 1020 2138 sese
1071 2086 1355 2138 tradentes.
1429 2086 1538 2146 Quo
1584 2086 1773 2137 finctum
1824 2091 1936 2153 est,
1992 2091 2048 2138 ut
2084 2092 2136 2138 ct
2171 2088 2421 2140 Irenaeus
2461 2093 2512 2139 ct

178 2180 416 2233 Hilarius
465 2193 675 2230 versum
724 2177 788 2228 15
835 2175 980 2244 reliq.
1029 2175 1095 2226 ad
1145 2173 1453 2227 Antichristi
1503 2179 1735 2242 tempora
1780 2175 2043 2227 referrent
2091 2175 2219 2240 (nil.
2257 2191 2304 2230 c.
2340 2176 2510 2245 XXV,

184 2273 232 2336 S.
273 2270 362 2337 3),
416 2274 469 2321 et
512 2269 577 2319 ad
621 2269 774 2318 finem
818 2265 1005 2317 mundi.
1042 2291 1113 2302 -—-
1149 2262 1556 2316 Ambrosius'
1583 2279 1777 2333 quoque
1827 2280 1938 2318 cum
1991 2264 2194 2317 Hilario
2251 2267 2411 2319 sentit
2462 2274 2515 2321 et

180 2358 429 2424 Irenaeo,
478 2371 578 2408 non
615 2354 688 2406 ita
723 2352 955 2422 quidem,
1010 2356 1066 2404 ut
1110 2367 1225 2405 cum
1261 2351 1464 2404 Hilario
1501 2347 1562 2405 τὸ
1599 2353 1748 2411 τέλος
1784 2366 1835 2406 v.
1877 2351 1943 2405 14
1981 2353 2046 2405 ad
2081 2351 2225 2406 urbis
2261 2355 2513 2411 Judaicae

181 2448 398 2514 ruinam,
437 2446 533 2498 sed
554 2443 750 2496 rectius
777 2443 842 2494 ad
869 2441 1040 2492 mundi
1067 2443 1220 2493 finem
1245 2440 1451 2508 trahat3
1490 2442 1588 2492 scd
1605 2457 1655 2493 v.
1683 2440 1859 2494 4—14
1887 2441 1949 2493 de
1977 2446 2205 2510 tempore
2233 2451 2514 2499 extremum

177 2537 421 2603 judicium
461 2535 806 2599 antecedente,
843 2548 893 2585 v.
937 2533 1000 2584 15
1038 2547 1117 2600 sq.
1153 2532 1215 2584 de
1239 2530 1593 2599 Antichristo,
1630 2529 1833 2583 Christi
1868 2533 2135 2587 redeuntis
2171 2551 2515 2602 praecursore

185 2630 302 2695 agi,
353 2627 467 2692 ipsc
516 2640 710 2693 quoque
749 2623 949 2675 statuit.
1023 2622 1118 2674 Cui
1157 2621 1383 2689 opinioni
1418 2621 1747 2673 Lutherus
1787 2638 1982 2690 quoque
2018 2640 2081 2676 ex
2118 2631 2264 2693 parte
2307 2624 2513 2678 favisse

187 2715 596 2785 deprehenditur.
671 2715 964 2781 Quanquam
1002 2710 1135 2763 euim
1170 2726 1257 2762 vv.
1299 2710 1508 2762 15-36
1545 2726 1646 2762 non
1684 2711 1746 2763 de
1781 2727 1886 2763 una
1919 2728 1997 2779 re,
2033 2729 2077 2764 e.
2116 2730 2169 2781 g.
2205 2717 2307 2767 fine
2341 2715 2515 2768 mundi

187 2806 448 2859 Christum
484 2802 622 2871 loqui
656 2801 926 2869 praeclare
963 2803 1227 2865 cerneret,
1277 2799 1372 2850 sed
1406 2798 1621 2866 primum
1661 2799 1722 2851 de
1758 2799 2009 2853 Judaicae
2045 2801 2275 2856 civitatis
2313 2809 2512 2875 strage,

187 2894 366 2946 deinde
395 2892 455 2943 de
493 2887 650 2943 rcb‘us
688 2889 950 2956 extremiS,
988 2891 1156 2939 tamen
1184 2887 1260 2939 ait
1285 2887 1436 2954 (Opp.
1461 2888 1540 2939 ed.
1562 2886 1755 2939 Walch
1790 2887 1853 2940 ⁷1⁸.
1877 2888 1971 2957 XI,
1998 2889 2193 2957 2496)2
2230 2893 2292 2944 In
2319 2895 2517 2948 diesem

188 2981 378 3050 Capitel
408 2980 484 3033 ist
508 2980 848 3032 bcschricben
885 2979 978 3029 der
1002 2979 1260 3043 Ausgang
1294 2976 1395 3028 und
1432 2977 1528 3028 das
1551 2977 1696 3028 Endc
1735 2979 1928 3046 heyder
1943 2979 2155 3051 Beiche,
2194 2983 2288 3036 des
2313 2985 2518 3036 Juden-

187 3074 353 3125 thums
404 3069 506 3120 und
551 3067 682 3120 auch
730 3067 822 3119 der
868 3081 1066 3132 ganzen
1103 3064 1267 3115 wele.
1339 3063 1480 3117 Aber
1530 3064 1612 3116 die
1656 3081 1832 3117 zween
1875 3066 2254 3134 Evangelisten
2302 3072 2513 3124 Marcus

187 3162 284 3215 und
318 3157 613 3212 Matthaeus
650 3156 845 3208 werten
883 3154 963 3205 dic
1001 3153 1200 3220 heyden
1238 3150 1291 3203 in
1322 3151 1586 3220 einander,
1624 3153 1797 3206 haltcn
1835 3154 1976 3207 nicht
2012 3157 2093 3209 die
2132 3158 2394 3227 ordnung,
2433 3162 2514 3213 die

187 3253 356 3303 Lucas
395 3249 639 3316 gehalten
675 3248 766 3299 hat
791 3283 807 3315 ,
838 3248 970 3299 denn
1007 3246 1090 3298 sie
1124 3246 1269 3298 nicht
1303 3245 1484 3298 weiter
1520 3246 1593 3311 (d.
1632 3245 1668 3296 i.
1707 3246 1802 3297 auf
1830 3245 2127 3312 Wcitcres)
2166 3248 2346 3317 sehen,
2384 3251 2514 3303 deun

191 3342 313 3393 dass
351 3339 433 3391 sie
471 3340 553 3391 dic
585 3339 771 3390 Worte
809 3337 1010 3389 Christi
1048 3335 1213 3401 geben
1250 3336 1350 3387 und
1386 3332 1717 3388 erzaehlen.“
1785 3335 1856 3388 Et
1899 3351 2181 3406 quanquam
2227 3341 2516 3408 cognoscit,

189 3446 236 3482 r.
277 3430 477 3481 15-21
517 3429 722 3497 proprie
757 3428 1016 3495 pertinere
1054 3427 1118 3477 ad
1155 3432 1360 3493 gentem
1395 3427 1668 3479 Judaicam
1706 3427 1788 3495 (S.
1831 3427 1913 3480 10.
1951 3445 2002 3495 p.
2039 3429 2212 3481 2500:
2267 3430 2377 3481 Das
2415 3445 2515 3495 ge-

190 3522 366 3572 hoeret
410 3518 544 3569 noch
578 3517 729 3569 Alles
782 3532 896 3567 zum
936 3515 1214 3579 judischen
1261 3514 1402 3567 Volk
1452 3516 1519 3568 cf.
1568 3519 1618 3583 S.
1675 3515 1757 3568 14.
1810 3515 2005 3583 2502),
2055 3522 2225 3569 tamen
2279 3517 2516 3585 quoniam

191 3604 529 3671 Evangelista
563 3610 737 3657 certos
777 3605 909 3655 fines
934 3619 1126 3671 ponere
1153 3603 1377 3657 noluerit
1403 3620 1493 3656 res
1518 3603 1768 3657 Judaicas
1797 3604 1859 3656 ab
1888 3604 2131 3656 extremis
2160 3605 2517 3676 sejungentes,

191 3696 260 3748 ita
306 3697 499 3747 demum
536 3693 801 3744 matthaeo
852 3691 1190 3745 satisfecisse
1242 3692 1343 3744 sibi
1395 3692 1626 3760 videtur,
1678 3697 1764 3761 ut,
1817 3692 1972 3745 sicuti
2009 3709 2200 3746 versus
2238 3700 2516 3764 sequentes

193 3786 264 3851 (v.
308 3784 373 3835 22
422 3781 545 3847 etc.)
597 3782 662 3833 ad
700 3787 968 3860 utrumque
1018 3785 1254 3833 eventum
1299 3780 1584 3833 trahendos
1636 3781 1737 3833 sibi
1780 3782 2050 3849 persuasit
2082 3783 2160 3850 (S.
2200 3784 2302 3836 15.·
2336 3783 2516 3852 2503),

192 3873 262 3925 ita
295 3888 487 3942 quoque
522 3871 727 3940 priores
762 3886 956 3923 versus
994 3871 1058 3921 ad
1094 3876 1357 3939 utrumque
1392 3872 1593 3923 referat
1627 3877 1883 3924 eventum.
1958 3873 2069 3933 Qua
2095 3871 2295 3925 ratione
2323 3874 2517 3941 etipse

196 3979 366 4015 ausam
401 3962 753 4030 nanciscitur,
802 3965 859 4013 ut
893 3976 942 4013 v·
984 3961 1048 4012 15
1086 3959 1397 4012 Antichristi
1435 3960 1469 4013 i.
1509 3977 1554 4013 e.
1628 3961 1802 4028 Papae
1846 3961 2046 4013 romani
2087 3977 2307 4027 regnum
2344 3963 2520 4016 videat

156 4105 161 4114 ,
197 4053 518 4118 delineatum3
554 4051 609 4102 id
644 4050 778 4118 quod
815 4049 935 4100 alibi
972 4063 1166 4116 quoque
1203 4048 1477 4100 identidem
1515 4049 1737 4100 affirmat
1772 4049 1835 4103 Τ.
1855 4048 2052 4117 XVIII,
2094 4050 2229 4103 1815
2268 4067 2347 4120 sq.
2380 4051 2516 4104 1849

201 4141 295 4206 (cll.
329 4140 512 4193 Matth.
551 4137 603 4191 4.
643 4138 699 4203 5)
742 4135 892 4188 1919.
931 4136 1084 4202 XVI,
1132 4135 1287 4188 2011.
1330 4137 1569 4190 Ceterum
1608 4137 1747 4190 sicut
1782 4137 2078 4204 bathen-us,
2112 4137 2286 4192 Lucae
2324 4140 2519 4194 seriem

198 4229 405 4281 laudans
442 4229 568 4296 (XI,
607 4226 770 4292 2496)
809 4232 863 4278 et
894 4224 1111 4292 reliquis
1150 4231 1500 4294 anteponens,
1540 4227 1678 4277 satis
1716 4227 1976 4290 cognitum
2014 4224 2222 4293 hahuit,
2271 4230 2430 4282 verba
2466 4245 2517 4281 v·

202 4318 395 4371 15—21
433 4319 712 4372 secuudum
730 4315 931 4370 Christi
957 4315 1267 4367 seutentiam
1303 4314 1530 4384 proxime
1565 4315 1630 4367 ad
1657 4314 2023 4382 Hierosolyma
2049 4320 2313 4388 spectare,
2343 4317 2519 4386 typice
2601 4360 2608 4370 .

2012 4392 2094 4456 1*
