2934 4797
1607 243 1695 310 34

483 428 661 491 vitam
696 431 1047 490 terrestrem
1085 424 1263 488 cadat
1295 426 1589 487 terminus
1637 426 1859 505 gratiae
1899 430 1962 487 et
1996 422 2192 486 finalis
2221 421 2592 502 singulorum
2618 423 2841 485 Evan-

488 533 632 617 gelii
679 541 782 597 aut
827 532 1235 614 amplectendi
1282 540 1387 597 aut
1429 528 1750 615 rejiciendi
1794 533 2117 595 sententia.
2133 526 2212 612 ¹²)

664 637 835 715 Quae
885 659 1024 702 cum
1070 641 1152 701 ita
1199 640 1358 712 sint,
1418 637 1597 702 valde
1648 656 1970 700 erroneum
2014 638 2169 700 foret
2211 643 2457 717 putare,
2506 635 2837 699 Christum

490 755 843 827 exspectare
898 747 1211 829 potuisse,
1278 765 1399 809 uno
1446 748 1633 811 veluti
1681 755 1829 809 nutu
1874 747 2047 826 regni
2085 745 2207 807 Dei
2251 751 2541 807 terrestre
2586 762 2835 806 munus

490 852 720 921 absolvi
766 876 989 939 posse3
1038 860 1224 919 immo
1275 874 1415 921 eum
1458 875 1586 918 non
1623 862 1862 936 poterat
1890 856 2098 927 latere,
2146 872 2299 935 opus
2337 855 2454 916 hoc
2486 851 2835 916 admodum

488 965 738 1044 longum
787 970 847 1027 et
887 963 1234 1027 diuturnum
1279 963 1429 1025 fore.
1508 961 1690 1037 Quod
1738 970 1794 1025 et
1841 963 1974 1042 ipse
2021 963 2338 1043 professus
2386 969 2512 1024 est:
2558 961 2836 1040 sapienti

495 1072 745 1153 quidem
793 1073 1107 1145 cautione,
1172 1089 1251 1133 ne
1297 1070 1670 1150 vigilantiam
1716 1071 2039 1144 relaxaret,
2088 1072 2165 1132 ita
2212 1077 2418 1150 aperte
2463 1076 2708 1141 tamen,
2762 1075 2834 1128 ut

494 1186 660 1241 certe
707 1180 881 1251 nobis
931 1158 1302 1258 experientia
1350 1176 1629 1249 edoctis,
1688 1184 1750 1239 et
1797 1177 1873 1238 ad
1915 1177 2099 1240 verba
2149 1177 2367 1238 Christi
2412 1174 2832 1256 intelligenda

495 1287 734 1367 plenius
756 1288 1085 1360 instructiS,
1115 1304 1363 1366 prorsus
1392 1304 1517 1346 non
1538 1285 1725 1347 liceat
1754 1283 2045 1356 dubitare,
2078 1285 2221 1366 quin
2246 1285 2520 1346 Christus
2552 1283 2830 1346 diuturni

493 1396 695 1476 operis
745 1401 807 1457 et
855 1396 1150 1475 propositi
1197 1396 1292 1457 sui
1339 1393 1520 1474 longe
1566 1396 1832 1474 patentis
1879 1394 2026 1456 satis
2074 1394 2190 1455 sihi
2235 1394 2522 1456 conscius
2566 1391 2782 1459 fuerit.

671 1499 848 1576 Quod
893 1502 1081 1565 multo
1127 1502 1319 1580 magis
1368 1502 1667 1573 elucebit,
1726 1503 1822 1561 si.

667 1604 759 1690 B)
818 1609 1011 1671 viam
1077 1626 1149 1670 ac
1214 1610 1605 1671 rationem
1671 1607 2196 1681 consideraveris,
2262 1610 2380 1688 qua
2425 1605 2827 1684 Evangelium

495 1732 751 1776 munere
799 1732 911 1777 suo
956 1715 1235 1797 perfungi
1283 1714 1511 1779 dehere
1562 1714 1831 1776 Christus
1891 1713 2186 1779 docuerit.
2278 1715 2555 1795 Regnum
2601 1712 2829 1774 Christi

496 1824 857 1904 religionem
902 1823 1150 1905 quidem
1193 1823 1366 1886 affert
1411 1823 1750 1885 absolutam
1798 1829 1860 1885 et
1895 1822 2194 1901 judicium
2236 1825 2453 1904 cuique
2496 1823 2821 1885 illaturam.

495 1929 624 1997 Sed
671 1948 795 1992 non
843 1948 983 1991 cum
1030 1931 1273 1993 externa
1317 1935 1537 2010 pompa
1568 1928 1742 2012 (Luc.
1780 1927 1958 2002 XVII,
2000 1929 2128 2011 20),
2161 1949 2290 1992 non
2328 1927 2512 1992 modo
2549 1929 2825 1992 violento

500 2036 672 2117 (Luc.
719 2035 832 2109 IX,
880 2034 989 2116 55)
1038 2037 1316 2099 homines
1361 2039 1549 2116 petit;
1614 2042 1825 2098 natura
1871 2035 2007 2114 ejus
2051 2037 2232 2115 plane
2281 2037 2485 2100 ethica
2533 2042 2647 2108 est,
2695 2053 2824 2095 non

493 2147 766 2227 physica.
857 2142 1040 2219 Quod
1074 2164 1261 2226 quum
1308 2145 1582 2207 Christus
1632 2153 1696 2208 et
1739 2147 1923 2207 sciret
1971 2150 2033 2206 et
2084 2146 2302 2219 vellet,
2368 2146 2604 2209 sciebat
2648 2159 2825 2214 sane,

494 2254 558 2315 id
604 2248 874 2334 quoque,
929 2250 1106 2313 valde
1152 2260 1526 2331 protractum
1569 2252 1883 2332 religionis
1941 2250 2308 2314 christianae
2357 2271 2510 2333 opus
2556 2254 2618 2314 in
2663 2259 2827 2316 terra

484 2368 706 2436 *nostra
736 2359 1000 2423 futurum
1048 2367 1110 2423 et
1145 2360 1431 2441 patientia
1458 2361 1639 2440 longa
1679 2358 1983 2441 indigens.
2029 2358 2198 2425 Patet
2235 2348 2415 2442 enim,
2464 2362 2516 2425 si
2555 2361 2829 2424 Christus

501 2469 748 2533 nonnisi
807 2469 890 2530 ita
951 2466 1180 2529 fecisse
1238 2468 1562 2550 quidquam
1619 2466 1738 2530 sibi
1787 2468 2139 2543 videbatur,
2205 2476 2271 2533 ut
2327 2471 2604 2540 liberum·
2641 2470 2826 2531 animi

505 2593 833 2644 assensum
872 2576 1141 2648 eliceret,
1193 2594 1349 2656 opus
1390 2576 1525 2655 ejus
1553 2577 1743 2642 multo
1785 2577 2086 2649 difficilius
2113 2580 2329 2652 fuisse,
2375 2597 2488 2660 per
2513 2579 2828 2655 longiores

499 2686 902 2751 mediantium
963 2703 1279 2747 causarum
1339 2687 1538 2747 series
1600 2691 1662 2748 et
1722 2687 2023 2750 anfractus
2091 2687 2467 2767 decurrens,
2532 2704 2713 2767 quam
2777 2686 2827 2745 si

503 2794 817 2857 dictatorio
867 2800 928 2855 et
972 2793 1237 2856 violento
1293 2791 1476 2854 modo
1536 2792 1857 2872 agendum.
1961 2792 2161 2869 Quem
2223 2794 2470 2856 modum
2529 2810 2827 2855 recusans

501 2901 728 2984 gloriae
776 2906 839 2962 et
883 2899 1220 2979 majestatis
1270 2899 1758 2964 divinae'radios
1804 2919 1926 2963 non
1965 2904 2165 2964 minus
2205 2902 2365 2965 exuit
2395 2908 2571 2982 atque
2602 2902 2831 2962 occulit

504 3028 688 3092 quam
732 3009 1167 3082 manifestavit.
1210 2995 1452 3073 occulit
1493 3011 1575 3073 ita
1618 3010 1951 3073 incredulis
1998 3017 2064 3094 et
2107 3010 2381 3074 nondum
2420 3007 2828 3082 credentihuS,

505 3125 575 3180 ut
600 3115 745 3179 fidei
772 3115 946 3179 locus
978 3124 1164 3189 esset,
1210 3117 1250 3178 i.
1286 3135 1342 3208 e.
1382 3120 1701 3198 processui
1734 3119 1930 3180 ethico
1959 3117 2120 3200 (soh.
2150 3117 2272 3190 XX,
2302 3116 2433 3199 29),
2480 3135 2603 3178 non
2633 3116 2831 3177 solum

504 3224 662 3288 visui
708 3225 748 3283 i.
802 3237 857 3286 e.
904 3224 1220 3303 processui
1262 3225 1540 3304 physico.
1632 3222 2040 3287 Manifestavit
2079 3226 2191 3297 ita,
2250 3231 2317 3287 ut
2363 3225 2578 3287 sensui
2627 3224 2827 3285 ethico

507 3332 946 3394 nutrimentum
993 3329 1191 3404 daret,
1238 3330 1424 3393 fidem
1474 3333 1766 3405 alliceret,
1813 3330 2098 3394 fiduciam
2141 3332 2450 3410 plantaret,
2500 3338 2561 3394 et
2606 3329 2681 3392 ad
2726 3350 2828 3392 oc-

514 3437 738 3503 cultam
783 3446 962 3520 atque
1011 3438 1390 3519 spiritualem
1422 3441 1609 3517 regni
1655 3438 1750 3501 sui
1796 3438 2177 3517 majestatem
2222 3437 2588 3501 adtraheret.

687 3546 803 3608 Per
847 3545 1116 3610 ludaeos
1161 3546 1323 3610 illius
1369 3546 1661 3626 temporis
1708 3546 2133 3627 percrebuisse
2180 3547 2532 3626 opinionem
2577 3551 2827 3618 constat,

659 3759 750 3826 12)
799 3759 1043 3811 Veterem
1086 3762 1299 3811 nostrae
1346 3758 1602 3818 eeclesiae
1639 3757 1976 3825 'l'heolegiem
2019 3756 2287 3811 terminum
2331 3758 2534 3825 gratiae
2579 3760 2643 3811 ad
2674 3759 2828 3812 vitem

512 3855 818 3905 terrestrem
836 3846 1180 3901 restrinxisse
1200 3847 1336 3900 satis
1374 3852 1547 3904 notum
1583 3853 1686 3916 est,
1723 3849 2042 3902 recentiores
2080 3850 2141 3901 ab
2177 3848 2277 3902 hac
2295 3843 2554 3906 sententia
2577 3849 2676 3904 levi
2702 3850 2828 3917 pede

513 3941 773 3993 recedunt.
846 3938 954 3990 Sed
989 3938 1221 4007 videant,
1278 3953 1343 3990 ne
1378 3937 1529 4005 parvi
1566 3939 1787 4005 pendere
1826 3944 2076 4005 cogantur
2110 3939 2243 3996 hanc
2277 3945 2509 3992 nostram
2544 3939 2729 4008 νίῐειω,
2779 3940 2827 3992 si

517 4035 748 4083 statuere
784 4028 989 4095 volunt,
1035 4029 1108 4079 nil
1144 4027 1324 4080 differe
1359 4027 1411 4079 in
1450 4044 1509 4080 re
1541 4028 1863 4096 christiana,
1906 4033 2075 4080 utrum
2112 4029 2287 4081 serius
2325 4045 2389 4081 an
2427 4029 2601 4096 ocius,
2648 4028 2730 4081 hio
2762 4044 2827 4079 an

515 4119 624 4172 illic
657 4121 749 4171 flat
784 4117 1077 4171 conversio.
1148 4116 1280 4168 Mihi
1316 4116 1515 4185 quidem
1549 4118 1891 4183 Evangelium
1926 4118 2144 4170 nondum
2180 4134 2364 4171 munus
2402 4134 2549 4171 suum
2584 4123 2827 4171 terrestre

520 4209 575 4260 ln
610 4199 804 4275 genere
839 4207 1059 4261 humano
1096 4208 1244 4274 plane
1277 4208 1484 4260 videtur
1517 4208 1686 4276 obire,
1736 4209 1898 4259 donec
1940 4205 1997 4257 in
2043 4211 2346 4261 terrestrem
2391 4210 2634 4278 cuiusque
2679 4209 2825 4260 vitam

519 4296 672 4350 cedet
705 4295 957 4350 terminus
996 4295 1215 4363 gratiae.
