2934 4797
1265 212 1417 334 17⁴

313 444 446 517 Jam
476 446 739 527 singulas
767 446 881 508 has
918 447 1237 525 opiniones
1277 446 1706 508 examinemus,
1770 446 1843 507 Et
1869 443 2180 525 primum
2211 444 2458 525 quidem

140 551 585 632 quaerendum,
642 571 788 614 num
832 572 1047 618 versus
1095 552 1181 621 26
1227 560 1327 616 aut
1373 552 1456 618 27
1494 553 1819 616 terminum
1873 559 2107 615 certum
2168 552 2458 616 exhibeat.

138 658 356 721 Fateor
404 678 541 722 cum
588 660 860 723 Schottio
906 662 946 725 l.
970 670 1044 726 ”c.
1077 660 1358 735 68—71,
1397 679 1520 722 non
1558 679 1772 722 omnes
1814 677 2030 723 versus
2055 658 2206 721 illud
2234 660 2463 735 εὐθέως

139 766 578 833 antecedentes
652 767 729 830 ad
805 767 1088 830 Judaicae
1159 769 1355 862 gentis
1431 768 1817 830 infortunium
1887 767 2227 848 pertinere:
2304 769 2461 838 exci-

136 871 392 951 piendos
421 879 614 935 statuo
646 892 704 935 e.
736 892 792 953 g.
821 892 1035 937 versus
1065 874 1171 939 27.
1202 873 1308 961 28,
1357 874 1572 955 quibus
1619 893 1742 937 non
1788 872 1852 934 id
1890 874 2187 935 contineri
2232 880 2459 952 putem,

137 979 696 1060 Hierosolymorum
725 978 1201 1044 devastationem
1228 1000 1338 1061 pro
1357 973 1630 1061 parusia'e
1655 981 1875 1043 Christi
1895 998 2079 1060 opere
2100 979 2459 1042 hahendam.

138 1086 289 1148 Nam
333 1091 515 1152 verba
558 1108 614 1153 v.
655 1088 737 1154 27
784 1091 1041 1153 minime
1097 1091 1178 1153 ita
1231 1096 1371 1152 sunt
1417 1096 1788 1169 comparata,
1853 1094 1919 1150 ut
1980 1105 2161 1150 uuam
2219 1095 2464 1167 gentem

137 1203 238 1258 aut
289 1196 503 1259 urbem
563 1204 867 1277 spectent,
929 1197 1041 1261 sed
1095 1200 1446 1263 universum
1502 1200 1714 1261 orbem
1767 1205 2062 1260 terrarum
2125 1191 2268 1278 (ἀπὸ
2329 1197 2463 1260 ἀνα-

137 1308 327 1369 τολῶν
369 1305 482 1379 ἕως
528 1312 819 1387 δυσμῶν.)
890 1308 1129 1369 Etcum
1167 1306 1467 1385 judicium
1513 1306 1589 1369 de
1627 1305 2066 1386 Hierosolymis
2108 1306 2297 1367 latum
2340 1322 2463 1366 non

137 1412 261 1474 tale
310 1398 511 1487 esset,
561 1415 722 1496 quod
766 1434 983 1477 omnes
1029 1415 1379 1478 incredulos
1428 1413 1703 1478 confiteri
1749 1421 2023 1496 cogeret,
2088 1413 2308 1477 Christi
2365 1414 2463 1475 hic

142 1522 415 1599 conspici
438 1520 729 1595 manum,
771 1522 988 1587 Christi
1008 1522 1235 1601 judicis
1265 1510 1711 1603 agnoscendam
1741 1525 2070 1604 parusiam;
2108 1522 2263 1584 haec
2291 1528 2462 1583 certe

140 1628 384 1706 parusia
430 1628 741 1691 invisibilis
790 1636 986 1702 esset,
1037 1628 1310 1693 Christus
1337 1648 1483 1693 vero
1531 1649 1581 1693 v.
1614 1629 1698 1695 27
1742 1628 2042 1691 visibilem
2091 1635 2153 1690 et
2181 1628 2462 1690 omnibus

143 1723 365 1810 eventu
400 1737 535 1815 ipso
582 1744 811 1800 certam
859 1743 920 1799 et
961 1738 1418 1817 irrecusabilem
1478 1738 1781 1819 perusiam
1824 1736 2052 1808 innuit,
2107 1735 2327 1814 fulguri
2382 1736 2465 1797 si-

140 1842 351 1904 milem
397 1829 597 1904 subito
644 1842 915 1904 omniurn
960 1844 1181 1923 ubique
1229 1843 1420 1906 oculis
1465 1843 1795 1923 praesenti.
1864 1840 2065 1916 Quare
2109 1859 2164 1904 v.
2197 1838 2280 1904 27
2327 1857 2463 1919 per-

139 1947 290 2010 tinet
327 1945 401 2010 ad
418 1948 741 2027 perusiam
786 1974 834 2013 κ.
883 1948 964 2026 ai,
1022 1947 1086 2012 id
1137 1957 1232 2013 est
1276 1947 1352 2011 ad
1399 1955 1732 2011 extremum
1770 1944 2087 2026 judicium.
2180 1944 2360 2021 Quod
2415 1948 2464 2009 si

142 2056 225 2117 ita
273 2054 349 2117 de
395 2073 451 2119 ν.
480 2054 564 2120 27
616 2052 1026 2129 statuendum,
1074 2074 1132 2121 V.
1164 2055 1251 2123 28
1281 2074 1520 2137 quoque
1557 2073 1679 2117 non
1722 2053 1800 2137 ad
1834 2054 2257 2133 Hierosolyma
2287 2071 2462 2133 prae·

145 2162 318 2241 cipue
367 2169 643 2242 spectare
691 2164 1016 2226 verisimile
1067 2171 1189 2226 est:
1235 2162 1456 2226 dictum
1485 2165 1649 2226 enim
1684 2162 1862 2241 hujus
1912 2163 2231 2224 commatis
2280 2181 2463 2243 quum

147 2268 344 2349 adagii
386 2271 571 2333 instar
613 2271 957 2334 habendum
1004 2274 1082 2335 sit
1116 2270 1247 2354 (Le.
1282 2271 1458 2344 XVII,
1491 2270 1598 2336 37.
1645 2270 1777 2333 Job.
1806 2269 2055 2343 XXXIX,
2087 2269 2191 2335 30.
2240 2270 2463 2334 Habac.

141 2375 186 2450 1,
215 2376 329 2456 8.),
374 2378 579 2448 nolim¹
601 2384 895 2455 statuere,
945 2381 1056 2442 sub
1093 2380 1423 2445 vulturibus
1454 2378 1762 2444 cadaveris
1810 2377 2046 2461 cupidis
2081 2379 2466 2459 potissimum

94 2521 100 2526 -
143 2484 551 2549 Romanorum
592 2489 1007 2568 rapacitatem,
1056 2496 1155 2551 aut
1197 2489 1432 2568 regium
1478 2524 1563 2537 --
1609 2489 1695 2550 uti
1739 2489 1973 2568 aquilae
2019 2488 2176 2550 inter
2212 2505 2353 2584 aves
2381 2524 2464 2535 -—

143 2716 489 2768 Veruntamen
522 2716 804 2784 posteriori
842 2718 1131 2772 sententiae
1167 2717 1338 2785 magis
1374 2715 1547 2785 ἴπνοις
1585 2722 1638 2770 et
1670 2717 1802 2770 locis
1840 2715 1990 2784 aliis,
2026 2732 2153 2786 quos
2193 2733 2254 2769 ex
2292 2715 2467 2785 Chry-

146 2812 378 2859 sostomo
419 2806 615 2858 Ceteris
649 2806 860 2859 Nicetes
896 2808 1059 2859 refert
1092 2824 1141 2874 p.
1183 2808 1304 2875 714,
1332 2799 1462 2873 71'5,
1514 2807 1663 2876 plane
1701 2810 1878 2859 certus
1916 2810 2029 2874 est,
2078 2806 2139 2856 de
2178 2797 2331 2872 gente
2365 2805 2466 2858 Ju-

140 2894 292 2968 ‚daim
323 2895 566 2948 versibus
588 2897 673 2948 21.
712 2897 778 2948 22
815 2896 979 2949 adhuc
1015 2912 1303 2949 sermonem
1324 2913 1483 2965 esse;
1520 2902 1572 2948 et
1602 2897 1717 2964 pari
1754 2896 1902 2949 modo
1931 2895 2067 2947 hom.
2102 2895 2156 2946 iu
2174 2896 2357 2947 Matth.
2380 2895 2466 2947 76.

142 2986 177 3038 l.
217 3002 261 3039 c.
298 2986 401 3038 826
441 3002 519 3054 sq.
573 2987 676 3039 Sed
711 2987 830 3039 inde
867 3003 901 3039 a
935 3003 1097 3039 versu
1134 2988 1200 3042 23
1240 2987 1410 3039 omnia.
1447 2988 1611 3039 refert
1647 2987 1712 3038 ad
1747 2986 1917 3038 mundi
1953 2988 2136 3050 finem3
2175 2987 2323 3052 (opp.
2346 2985 2464 3052 vn,

143 3077 194 3128 2.
230 3076 265 3127 l.
303 3091 346 3127 c.
384 3089 503 3142 pag.
539 3075 642 3127 828
681 3076 786 3143 sq.)
857 3075 951 3127 Cui
988 3076 1163 3127 affinis
1215 3081 1300 3128 est
1349 3093 1377 3128 e
1415 3075 1741 3127 nostratibus
1792 3075 2132 3126 Ebrardus
2172 3066 2274 3140 (ct’.⁷
2301 3073 2364 3125 V.
2402 3073 2465 3125 1).

139 3166 348 3217 librum:
385 3163 921 3216 Wissenscliaftliche
949 3164 1125 3216 Kritik
1160 3165 1251 3217 der
1279 3165 1680 3231 evangelischen
1703 3162 2036 3232 Geschichte,
2074 3163 2288 3215 Franks.
2313 3162 2465 3213 1842.

142 3272 192 3322 p.
231 3254 557 3323 610—620,
593 3254 903 3321 praesertim
939 3272 987 3323 p.
1026 3255 1128 3307 617
1165 3260 1217 3307 et
1254 3257 1483 3320 ejusdem
1506 3254 2015 3322 Commentationem,
2053 3270 2179 3322 quae
2215 3252 2470 3320 inscripta

144 3351 252 3397 est:
287 3345 563 3396 Adversus
601 3359 868 3397 erroneam
887 3344 1240 3398 nonnullorum
1268 3345 1581 3412 opinionem,
1618 3361 1716 3412 qun
1735 3343 1977 3397 Christus
2006 3342 2302 3411 Christique
2338 3358 2467 3409 apo-

146 3435 267 3487 stoli
305 3434 639 3487 existimasse
675 3434 1038 3502 perhibentur,
1075 3437 1187 3488 fore
1223 3440 1281 3487 ut
1298 3435 1601 3488 universale
1621 3434 1866 3498 ,iudicium
1902 3434 2130 3501 ipsorum
2169 3437 2338 3485 aetate
2375 3448 2468 3483 su-

145 3526 455 3591 perveniret.
515 3525 779 3592 Erlangen
833 3525 1012 3589 1842.)
1066 3525 1141 3577 ita
1175 3531 1376 3594 tamen,
1433 3530 1490 3577 ut
1541 3540 1645 3576 non·
1680 3524 1857 3576 statim
1908 3525 1969 3575 de
2019 3526 2174 3580 rebus
2226 3523 2468 3575 extremis

145 3614 233 3679 agi
284 3618 495 3665 censeat
535 3597 916 3666 sed-versibus
955 3614 1022 3665 23
1061 3630 1168 3683 sqq.
1208 3615 1270 3668 de
1307 3615 1580 3667 eventibus
1615 3615 1756 3666 inter
1791 3613 2273 3682 Hierosolymorum
2316 3615 2466 3665 finem

146 3704 217 3769 (v.
249 3703 340 3767 22)
380 3707 431 3753 et
466 3703 634 3753 mundi
674 3704 746 3769 (v,
768 3701 834 3754 29
856 3702 990 3772 sqq.)
1025 3701 1480 3769 interjacentibus,
1517 3719 1631 3755 cum
1666 3703 1838 3754 mundi
1872 3703 1972 3754 fine
2010 3707 2178 3754 autem
2214 3707 2355 3755 arcte
2375 3718 2467 3754 co-

143 3791 496 3857 haerentibus,
531 3793 711 3860 quippe
739 3793 869 3861 quod
891 3792 1046 3844 verba
1064 3785 1268 3851 εὐθέως
1287 3789 1353 3845 δὲ
1369 3790 1510 3863 μετὰ
1548 3797 1645 3844 etc.
1682 3792 1933 3858 flagitent.
1969 3788 2094 3845 Alia
2127 3787 2215 3844 via.
2239 3792 2467 3843 Kiste-

142 3883 457 3933 makerus
492 3880 710 3949 incedit,
761 3880 1031 3936 terminum
1077 3882 1363 3951 vallumque
1401 3887 1453 3934 et
1488 3881 1603 3948 ipse
1639 3896 1897 3949 quaerens
1935 3885 2054 3934 ante
2089 3896 2138 3934 v.
2175 3879 2272 3948 293
2323 3897 2466 3950 quem

144 3987 303 4024 versu
321 3971 391 4024 24
426 3969 502 4022 ita
538 3967 640 4021 sibl
675 3969 942 4036 reperisse
961 3970 1113 4022 visus
1132 3975 1233 4036 est,
1270 3975 1452 4022 utnon
1480 3969 1835 4022 intermedium
1861 3971 2104 4046 quoduam
2134 3982 2316 4021 aevum
2342 3985 2469 4021 ver-
2534 4038 2546 4046 .

146 4063 293 4114 sibus
313 4059 518 4114 24-29
537 4059 845 4126 descriptum
859 4060 1046 4127 videat,
1068 4061 1162 4111 sed
1180 4059 1355 4114 statim
1372 4059 1919 4112 extremaAntichristi
1933 4066 2179 4126 tempora,
2195 4058 2469 4125 Chrysos-

143 4157 285 4205 tomo
324 4153 387 4204 ab
424 4167 527 4203 uun
559 4154 705 4218 parte
744 4148 947 4204 similis·
985 4149 1064 4201 De
1099 4148 1466 4202 Kistemrikero
1506 4150 1571 4201 cf.
1606 4149 1893 4216 Schottium
1925 4149 1960 4202 l.
1991 4165 2034 4201 c.
2064 4167 2113 4216 p.
2149 4149 2232 4200 74.
2259 4154 2363 4200 not.
2399 4148 2468 4200 27

150 4246 201 4292 et
233 4257 282 4307 p.
324 4240 406 4291 77.
445 4240 561 4304 78.,
603 4239 840 4290 Ceterum
874 4237 930 4289 hi
968 4254 1144 4291 omnes
1180 4234 1281 4305 τὴν
1313 4238 1514 4310 θλίψιν
1547 4251 1596 4292 ν.
1630 4236 1697 4289 29
1730 4239 1962 4289 referunt
1997 4238 2061 4288 ad
2094 4236 2468 4289 tribulationem

147 4330 342 4382 dierum
374 4328 935 4397 pseudoprophetarum
970 4333 1058 4382 aut
1090 4326 1420 4381 Antichristi.
1457 4328 1527 4381 cf.
1568 4327 1845 4396 chrysost.
1880 4326 1916 4378 1.
1956 4342 2000 4378 c.
2036 4343 2089 4393 p.
2125 4326 2246 4379 830.

2008 4405 2045 4467 2
