2934 4797
1566 233 1651 302 56

444 414 616 491 Quae
664 416 887 486 omnia,
934 416 1022 477 uti
1065 413 1190 492 jam
1240 411 1587 476 Gerhardus
1635 413 1779 478 vidit
1823 414 1864 475 l.
1911 430 1967 473 c.
2015 431 2073 492 p.
2123 408 2287 483 261,
2347 407 2792 475 confirmantur
2885 428 2886 441 *

440 524 539 595 iis,
587 539 740 600 quae
779 520 938 602 apud
964 520 1196 583 Lucam
1233 529 1575 584 occurrunt.
1627 520 1699 585 V.
1731 518 1816 586 26
1855 520 2019 581 enim
2046 517 2212 581 Luca
2249 524 2457 583 autore
2497 516 2790 578 Christus

443 628 620 690 dicit:
666 623 1100 712 ἀποψνχόντων
1141 623 1480 710 ἀνθρώπων
1516 621 1635 691 ἀπὸ
1683 624 1883 708 φόβου
1919 624 2015 691 καὶ
2049 626 2415 708 προσδοκίας
2459 631 2576 688 τῶν
2616 622 2789 705 ὅπερ·

440 735 700 820 χομένων
745 743 813 819 τῇ
861 736 1183 821 οἰμουμένῃ,
1231 735 1471 797 scilicet
1517 725 1769 816 quande*
1803 737 2051 797 virtutes
2090 733 2397 796 coelestes
2428 739 2604 795 erunt
2632 751 2790 806 con-

445 849 792 922 quassatae.
883 841 1032 905 Inde
1094 851 1371 923 apparet,
1434 861 1512 903 ne
1570 843 1682 903 hic·
1731 840 1978 921 quidem
2026 842 2224 904 omnia
2269 858 2390 901 uno
2440 842 2610 920 quasi
2655 841 2792 902 ictu

420 956 714 1030 nutuque
763 950 1033 1013 absoluta
1078 950 1243 1023 fore,
1294 957 1358 1012 et
1400 951 1604 1012 locum
1651 949 1917 1029 relinqui
1962 967 2083 1017 non
2131 949 2332 1011 solum
2359 949 2570 1029 pavori
2605 966 2796 1027 prae-

446 1060 732 1129 sentium,
780 1056 894 1118 sed
942 1057 1125 1121 etiam
1170 1058 1610 1153 exspectationi
1653 1056 2010 1119 futurorum.
2102 1056 2337 1119 Clarius
2386 1058 2571 1123 etiam
2615 1053 2795 1117 idem

444 1171 690 1248 apparet
736 1183 807 1226 ex
852 1163 1001 1229 Luc.
1047 1183 1104 1228 ν.
1152 1144 1269 1230 28:
1319 1165 1415 1228 his
1444 1170 1649 1226 autem
1676 1165 2104 1244 incipientibus
2143 1165 2336 1235 tollite
2366 1165 2556 1243 capita
2581 1170 2796 1227 vestra

446 1281 509 1339 et
553 1273 869 1352 suspicite,
919 1272 1358 1353 adpropinquat
1402 1275 1571 1337 enim
1615 1272 1892 1357 liberatio
1939 1278 2157 1337 vestra.
2213 1272 2315 1342 Iis,
2348 1289 2499 1351 quae
2538 1290 2632 1336 νγ.
2680 1290 2795 1333 an·

360 1419 376 1433 κ
442 1379 875 1444 tecedcntihus
917 1379 995 1441 de
1041 1382 1321 1443 virtutum
1368 1380 1732 1443 coelestium
1776 1381 2186 1444 commotione
2237 1386 2354 1441 etc.
2413 1379 2574 1443 dicta
2622 1385 2791 1451 sunt,

445 1489 499 1549 si
558 1485 767 1551 mundi
831 1488 1005 1550 ruina
1067 1488 1331 1559 inesset,
1399 1506 1522 1548 non
1570 1488 1825 1566 amplius
1871 1487 2048 1548 locus
2092 1505 2235 1548 esse
2280 1487 2634 1566 potesttali
2679 1485 2795 1548 ad-

443 1596 801 1667 monitioni;
849 1596 1010 1657 bene
1061 1597 1223 1657 enim
1272 1594 1616 1659 Gerhardus
1665 1595 1846 1659 dicit:
1891 1597 1997 1668 „in
2041 1596 2175 1676 ipso
2223 1594 2518 1659 adventus
2567 1592 2795 1656 Christi

447 1710 761 1767 momento
814 1703 1024 1766 nullus
1083 1703 1341 1782 amplius
1395 1703 1650 1766 relictus
1709 1704 1823 1765 erit
1869 1703 2266 1765 exhortationi
2310 1703 2487 1765 locus
2534 1737 2618 1753 --
2664 1719 2793 1762 nec

450 1810 813 1894 indigebunt
853 1812 940 1892 pii
988 1811 1475 1874 consolatione.“

627 1916 743 1981 Ubi
791 1920 1203 2000 praesentiam
1248 1920 1340 1980 rei
1385 1918 1581 1981 hahes
1608 1919 1946 2011 visumque,
1994 1917 2287 1991 absonum
2329 1917 2486 1979 foret
2512 1916 2678 1997 loqui
2709 1915 2793 1977 de

446 2030 539 2090 rei
587 2028 796 2106 signis.
825 2034 886 2089 et
932 2027 1230 2089 exhortari
1277 2026 1352 2089 ad
1402 2028 1574 2107 signa
1620 2028 1823 2088 animo
1866 2024 2182 2119 voivenda.
2273 2025 2344 2088 Et
2392 2024 2556 2088 idem
2598 2024 2792 2105 plane

422 2136 724 2216 -sequitur
770 2151 845 2196 ex
889 2133 1038 2197 Luc.
1084 2153 1143 2195 v.
1191 2132 1307 2200 29:
1353 2133 1559 2196 videte
1598 2132 1781 2195 ficum
1821 2142 1881 2195 ct
1926 2134 2171 2194 arbores
2212 2131 2474 2211 cujusvis
2512 2134 2795 2211 generis:

448 2242 550 2304 uhi
598 2244 879 2303 emittunt
922 2240 1095 2313 folia,
1142 2247 1358 2320 sponte
1400 2239 1719 2320 judicatis,
1768 2242 2063 2302 aestatem
2107 2257 2297 2319 prope
2346 2239 2587 2301 abesse.
2682 2238 2793 2300 Sic
2893 2216 2894 2255 ³

449 2365 729 2432 quoque,
791 2349 895 2411 uhi
939 2348 1096 2411 haec
1144 2348 1345 2411 omnia
1391 2347 1673 2412 videbitis
1732 2348 2101 2426 ingruentia,
2162 2344 2468 2425 judicate,
2530 2358 2792 2426 regnum

450 2456 713 2520 divinum
772 2474 961 2536 prope
1024 2453 1365 2532 abesse.¹⁶)
1457 2454 1701 2527 Fateor,
1767 2454 2060 2517 nonnulla
2110 2452 2598 2515 antecedentium
2657 2451 2791 2515 'non

449 2565 618 2643 signa
648 2571 749 2644 τῆς
789 2563 1126 2650 συντελεζας
1162 2570 1270 2625 τοῦ
1298 2564 1536 2635 αἰῶνος,
1585 2558 1698 2623 sed
1725 2579 1858 2623 rem
1883 2562 2073 2641 ipsam
2099 2559 2372 2622 indicare
2400 2578 2456 2624 v.
2487 2577 2543 2623 c.
2570 2558 2792 2623 Matth.

445 2692 500 2737 v.
551 2672 629 2736 31
685 2670 784 2733 cll.
812 2669 960 2746 xul,
1011 2668 1093 2736 39
1143 2689 1309 2751 sqq.:
1359 2668 1473 2732 sed
1522 2687 1595 2731 eo
1643 2671 1831 2750 magis
1876 2669 1940 2729 in
1984 2688 2059 2731 eo
2095 2668 2521 2742 insistendum,
2571 2669 2793 2731 saltem

449 2780 671 2841 alicubi
715 2780 775 2839 in
825 2780 1097 2842 versibus
1141 2779 1409 2857 proxime
1459 2777 1966 2840 antecedentibus
2009 2778 2149 2839 talia
2199 2788 2339 2839 esse
2379 2776 2791 2866 suppeditata

449 2906 602 2968 quae
665 2888 973 2968 signum
1031 2888 1313 2967 par-usiae
1376 2884 1629 2959 Christi,
1706 2903 1829 2947 non
1889 2887 2198 2965 perusiam
2254 2888 2445 2967 ipsam
2507 2886 2794 2949 referant.

591 3063 681 3128 16)
721 3064 764 3115 Ε
787 3064 1064 3115 brar-dus
1100 3062 1153 3113 in
1191 3059 1488 3128 explicanda
1515 3062 1613 3113 hec
1640 3059 1885 3129 parabola.
1904 3062 2240 3130 artificiosae,
2278 3078 2388 3114 cum
2417 3062 2582 3130 prima
2607 3065 2794 3116 ficuum

449 3152 576 3206 solia·
598 3151 993 3203 amaritudinem
1032 3156 1083 3202 et
1121 3166 1367 3201 venenum
1405 3141 1648 3215 habeant.
1684 3151 1745 3202 de
1782 3152 2046 3203 erroribus
2087 3151 2171 3216 agi
2208 3156 2367 3217 putat,
2405 3151 2552 3218 idque
2582 3167 2643 3203 eo
2665 3169 2797 3204 cou-

450 3244 601 3308 siiio,
632 3237 695 3293 'ut
730 3240 914 3292 Matth.
956 3256 1004 3292 v.
1046 3240 1113 3291 34
1151 3240 1310 3300 verba
1332 3234 1444 3299 ’ἕως
1473 3230 1555 3293 ’ἄν
1591 3232 1777 3294 πάντα
1811 3231 1983 3296 resine
2018 3241 2243 3310 γένηται
2278 3241 2480 3293 referre
2516 3241 2689 3307 possit
2724 3244 2794 3294 ad

449 3348 556 3384 rem
606 3332 698 3382 ilie
745 3328 1080 3395 generatione
1130 3328 1340 3379 vivente
1388 3329 1718 3395 ingressam,
1775 3335 2087 3395 grassantes
2134 3319 2340 3382 scilieet
2375 3344 2605 3382 errores.
2683 3332 2792 3383 Sed

450 3421 734 3474 reluctetur
770 3420 916 3482 Luc„
968 3418 1052 3486 qui
1101 3434 1202 3469 non
1252 3419 1641 3496 ficuum-solum
1676 3419 1828 3486 folia,
1884 3420 1979 3470 sed
2021 3420 2262 3483 cujusvis
2311 3419 2523 3485 generis
2575 3420 2792 3471 arbores

452 3509 649 3562 indicat
687 3511 758 3577 (v.
797 3508 923 3575 29.),
964 3509 1135 3559 obstat
1169 3504 1229 3561 τὸ
1265 3508 1432 3576 θέρος
1470 3509 1536 3560 cf.
1573 3509 1757 3561 Matth.
1795 3509 1947 3574 XIII,
1986 3509 2069 3561 39.
2106 3506 2374 3582 θερισμὸς
2405 3530 2478 3556 ==
2515 3511 2796 3564 συντέλεια

450 3598 549 3651 τοῦ
586 3597 784 3657 αἰῶνος
818 3589 1032 3661 τούτου,
1071 3601 1122 3647 et
1157 3597 1340 3647 matth.
1377 3597 1564 3660 XXIV,
1605 3597 1689 3648 33.
1728 3588 1813 3650 ὅτι
1848 3591 2011 3666 ἐγγύς
2045 3594 2194 3650 ἔστιν
2230 3596 2323 3648 ἐπὶ
2356 3590 2572 3667 θύραις.
2622 3600 2792 3651 Para-

452 3689 572 3741 bola.
607 3689 734 3738 haec
772 3704 834 3739 ex
868 3687 1027 3738 verbo
1064 3680 1457 3753 ἐπισυνάξουσι
1494 3687 1567 3750 (ν.
1590 3687 1685 3752 31)
1720 3704 2062 3753 promanasse
2099 3686 2301 3738 'videtur
2335 3689 2402 3739 cf.
2431 3688 2617 3741 Matth.
2646 3689 2787 3756 XIII,

454 3779 541 3830 41.
615 3778 853 3829 Ceterum
888 3776 1125 3828 Hilarius
1163 3777 1219 3843 (Ι.
1257 3792 1298 3828 c.
1342 3791 1387 3828 c.
1426 3777 1513 3828 26.
1552 3778 1602 3841 5.
1640 3778 1688 3827 2.
1726 3794 1776 3843 p.
1816 3776 1949 3843 732)
1987 3785 2190 3845 quoque‘
2217 3777 2376 3829 dicit:
2424 3778 2621 3829 Remus
2657 3776 2785 3831 fleus

454 3867 814 3921 Antichristus
861 3849 1372 3931 esse'inteliigitun
1416 3866 1604 3918 diaboli
1652 3866 1821 3934 nlius,
1873 3869 2070 3934 peccati
2107 3867 2304 3934 portio,
2353 3868 2493 3935 legis
2531 3872 2785 3921 assertor.

453 3958 814 4009 Frondescere
850 3961 1017 4008 autem
1055 3956 1269 4024 quadam
1300 3961 1627 4022 peccatorum
1659 3956 2022 4008 exsultantium
2062 3956 2325 4012 viriditate
2370 3963 2649 4025 noscetur3
2687 3958 2787 4010 erit

458 4043 591 4096 enim
641 4049 745 4095 tum
789 4047 888 4096 flos
934 4043 1327 4096 criminosorum
1374 4047 1491 4109 etc„
1545 4044 1726 4112 quibus
1778 4049 1945 4095 tamen
1983 4050 2162 4097 aestas
2184 4080 2201 4110 ‚
2251 4046 2287 4097 i.
2326 4061 2371 4098 e.
2410 4046 2550 4099 calor
2587 4048 2784 4118 aeterni

452 4131 597 4198 ignis
633 4132 686 4183 in
721 4133 948 4199 proximo
985 4136 1084 4183 est.
1121 4131 1431 4184 Ambrosius
1471 4138 1641 4184 autem
1667 4135 1747 4199 (p.
1787 4131 1932 4196 208.)
1970 4133 2236 4200 duplicem,
2275 4133 2363 4202 eit,
2383 4133 2539 4187 hebet
2568 4137 2783 4201 figurem

456 4221 588 4274 haec
630 4221 849 4274 ficulnea
883 4222 965 4273 vel
1002 4237 1113 4274 eum
1150 4222 1276 4272 dura
1310 4221 1592 4274 mitescunt
1625 4222 1706 4274 vel
1743 4238 1855 4275 cum
1891 4228 2103 4290 peccata
2137 4222 2410 4275 luxuriant.
2480 4217 2586 4276 Per
2619 4226 2780 4290 fldem,

376 4353 383 4368 .
461 4327 586 4383 quae
603 4312 817 4364 arebant
833 4315 1011 4377 autea,
1034 4311 1307 4381 florebunt,
1331 4316 1382 4364 et
1401 4325 1493 4378 per
1512 4312 1734 4378 gretiam
1751 4311 2081 4365 dimissorum
2096 4316 2396 4380 peccatores
2413 4311 2780 4381 gloriabuntur.
