2934 4797
1191 243 1278 313 65

65 468 70 475 ·
117 442 303 518 atque
368 438 709 502 obscuratio
766 440 910 504 solis
960 416 1041 503 et*
1065 441 1246 503 lunae
1296 439 1454 522 apud
1490 439 1597 504 Mt.
1646 446 1707 503 et
1749 439 1890 513 Mc„
1948 436 2112 521 quod
2155 445 2319 522 patet
2364 459 2436 505 ex

113 544 297 608 Joele
339 545 436 619 111,
483 547 544 613 3.
574 544 639 612 4.
686 583 769 631 -.··
816 548 943 612 Sed
990 548 1132 630 quid
1177 550 1272 612 his
1318 549 1598 629 omnibus
1646 547 2053 631 significatur?
2125 547 2433 614 Adeamus

115 654 369 727 Lucam,
419 657 522 734 qui
569 657 983 737 explicationis
1031 675 1213 720 causa
1260 676 1329 724 ·v.
1370 655 1455 724 26
1504 656 1594 741 (αἱ
1625 655 1732 742 γὰρ
1760 656 1841 741 ὃ.)
1883 648 2073 720 addit:
2121 659 2292 739 signa
2337 659 2437 722 illa

121 762 373 824 coelum
429 770 492 825 et
548 771 768 829 terram
832 766 1254 845 amplectentia
1312 769 1396 843 (v.
1459 763 1546 831 25
1604 765 1664 830 ἐν
1706 763 1847 849 ἡλίῳ
1883 792 1933 831 κ.
1981 792 2033 829 τ.
2094 770 2170 843 a„
2217 768 2312 832 καὶ
2348 767 2440 832 ἐπὶ

115 874 249 954 γῆς)
299 871 766 952 explicationem
805 892 979 936 suam
1007 874 1254 947 hahere,
1305 881 1365 937 et
1402 874 1590 955 probe
1630 875 1907 955 intelligi,
1955 877 2008 936 si
2038 876 2436 956 reputaveris:

114 975 228 1052 τὰς
268 976 548 1061 ’δυνάμεις
592 989 710 1047 τοῦν
754 983 1021 1067 οὐρανῶν
1057 981 1567 1065 σαλευθήσεσθαι,
1613 983 1654 1046 i.
1686 1000 1740 1046 e.
1789 983 2101 1062 antiquum
2148 982 2439 1046 mundum

119 1089 303 1167 quasi
365 1105 398 1149 e
442 1086 807 1152 'cardinibus
854 1090 980 1163 suis
1026 1090 1331 1152 revulsum
1378 1091 1485 1162 iri,
1551 1089 1881 1169 mundique
1936 1080 2110 1170 polos
2159 1098 2219 1154 et
2265 1086 2437 1152 axem

115 1195 508 1257 immutatum
548 1196 626 1258 iri
673 1203 753 1259 et·
780 1214 1158 1260 conversum.
1246 1196 1593 1279 Tantaeque
1638 1197 1738 1265 rei
1791 1199 1963 1277 quasi
2005 1194 2436 1278 praesensione

120 1302 484 1387 (προσδοκίᾳ
556 1310 676 1383 τῶν
738 1304 1171 1390 ἐπερχομένων)
1245 1304 1323 1367 ad
1394 1305 1607 1367 orbem
1670 1306 2019 1368 universum
2082 1309 2437 1391 pertinentis

119 1414 227 1493 (τῇ
275 1411 602 1495 οἰκουμένῃ)
663 1413 930 1493 gentium
987 1414 1117 1475 fore
1177 1418 1300 1475 tam
1342 1412 1657 1494 ingentem
1704 1413 2127 1476 confusionem
2166 1423 2228 1479 et
2270 1432 2438 1496 pres-

118 1536 366 1594 suram,
427 1527 495 1583 ut
542 1520 747 1582 anheli
793 1521 968 1602 quasi
1015 1526 1076 1583 et
1118 1523 1336 1601 inopes
1386 1521 1630 1582 consilii
1674 1520 1817 1584 fiant
1860 1522 2163 1588 homineS.
2255 1523 2435 1586 Plane

121 1642 349 1687 novum
407 1629 572 1688 enim
617 1628 899 1708 ingruere
961 1642 1180 1690 rerum‘
1213 1627 1518 1700 ordinem,
1584 1627 1863 1689 homines
1926 1629 2436 1708 praesentiscnnt.

116 1732 499 1813 Paganorum
558 1720 949 1825 imperiorum
1009 1720 1198 1815 gloria
1260 1734 1666 1815 splendorque
1713 1735 1999 1809 interibit,
2049 1737 2210 1800 orbis
2255 1730 2448 1801 terra·⁸

117 1858 262 1902 rum
313 1839 509 1904 evadit
538 1840 916 1905 christianus
963 1848 1023 1904 et
1062 1858 1285 1905 novum
1332 1818 1543 1904 aevum
1590 1843 1885 1933 incipiet..
1941 1842 2124 1923 Cujus
2165 1843 2438 1907 indolem

116 1955 195 2010 ut
236 1951 491 2029 positive
538 1948 937 2023 delineemuS,
985 1949 1182 2013 verbis
1228 1957 1470 2012 utamur
1504 1949 1812 2014 Eus'ebii
1860 1951 2013 2035 (Cat.
2061 1952 2216 2017 Patr.
2264 1953 2434 2018 inis.

116 2057 276 2119 Luc.
347 2074 381 2118 a
446 2055 623 2119 Gord.
691 2054 788 2117 ed.
864 2074 923 2135 p.
991 2052 1140 2119 525.
1210 2073 1312 2119 no.
1384 2053 1516 2137 30.)
1579 2055 1788 2130 „fores
1854 2058 2010 2120 coeli
2074 2060 2437 2138 aperientur,

40 2168 47 2173 “
117 2163 328 2227 valvae
379 2180 781 2226 convexerum
820 2161 1256 2232 relaxabuntur,
1300 2198 1391 2260 -Ι
1436 2162 1598 2223 coeli
1618 2161 1840 2240 januae
1888 2176 1919 2225 a
1949 2164 2162 2226 seculo
2193 2165 2437 2229 clausae

117 2270 467 2352 patebunt,
523 2277 590 2333 ut
661 2271 900 2333 excelsa
986 2275 1356 2351 spectentur.
1451 2268 1556 2332 Sic
1627 2270 1869 2333 coelu'm
1909 2267 2002 2332 'et
2064 2278 2221 2335 terra
2290 2293 2442 2337 nova

121 2375 467 2455 erunt.“²⁶)
528 2377 699 2454 Quae
748 2394 1091 2461 quanquam
1134 2377 1432 2442 Eusebius
1482 2376 1630 2440 dicit
1688 2377 1765 2442 de
1811 2379 2018 2442 mundi
2065 2400 2440 2456 consumma-

117 2491 331 2561 tione,
400 2487 622 2558 eadem
682 2493 887 2550 tamen
949 2485 1239 2569 quadrare
1290 2486 1368 2550 ad
1413 2487 1632 2550 Christi
1681 2487 2006 2552 adventum
2051 2491 2112 2552 in
2164 2492 2440 2554 Ecclesia

120 2605 189 2659 et
236 2596 312 2659 ad
360 2597 520 2660 coeli
577 2606 895 2679 terraeque
955 2597 1553 2669 reconciliationem,
1616 2598 1951 2661 coelestem
1995 2600 2175 2662 vitam
2220 2617 2441 2680 usque·
2469 2605 2494 2663 .'

122 2721 364 2786 quaque
408 2705 751 2769 hominibus
791 2704 1196 2785 aperientem,
1259 2707 1513 2786 probant
1560 2704 1778 2770 Christi
1823 2708 2006 2771 verba
2054 2708 2212 2788 apud
2256 2708 2438 2770 Joan—

118 2832 269 2876 nem
312 2812 356 2889 1,
402 2810 512 2879 51:
577 2810 729 2895 ἀμὴν
789 2809 941 2895 ἀμὴν
983 2813 1124 2895 λέγω
1185 2811 1344 2891 ὑμῖν,
1405 2815 1501 2879 ἀπ’
1549 2812 1682 2896 ἄρτι
1728 2813 1967 2898 ὄψεσθε
2027 2812 2130 2880 τὸν
2185 2815 2439 2900 οὐρανὸν

26 2961 29 2966 ,
116 2918 438 3003 ἀνεῳγότα,
483 2922 580 2987 καὶ
622 2915 763 2994 τὀὒς
797 2920 1068 3003 ἀγγέλους
1092 2928 1200 2986 τοῦ
1224 2928 1382 2986 θεοῦ
1409 2922 1834 3003 ἀναβαίνοντας
1860 2924 1954 2988 καὶ
1982 2925 2442 3008 καταβαίνοντας

116 3028 218 3093 ἐπὶ
270 3024 373 3091 τὸν
425 3024 553 3093 υἱὸν
582 3034 713 3092 ’τοῦ
772 3023 1117 3111 ἀνθρώπου.
1225 3026 1355 3090 Nec
1415 3044 1564 3090 sane
1622 3027 1850 3090 idcirco
1912 3030 2128 3094 Christi
2185 3051 2440 3112 regnum

120 3134 292 3198 audit
335 3135 606 3216 βασιλεία
649 3143 767 3199 τοῖν
812 3133 1110 3217 οὐρανῶν,
1158 3134 1319 3215 quod
1358 3136 1600 3197 nonnisi
1642 3135 1880 3197 coelum
1919 3139 2097 3200 nobis
2140 3139 2441 3218 promittat

118 3244 184 3303 in
240 3243 426 3304 altera
487 3244 605 3305 vita
670 3249 773 3304 aut
828 3247 968 3321 post
1025 3241 1217 3304 seculi
1285 3242 1899 3316 consummationem,
1962 3245 2074 3307 sed
2139 3245 2439 3336 συνεμάθι-

122 3372 227 3414 σεν
268 3347 423 3430 ἡμᾶς
467 3346 529 3434 (ὃ
571 3344 747 3430 θεὸς)
792 3348 854 3414 ἐν
888 3359 1016 3421 τοῖς
1061 3348 1428 3432 ἐπουρανίοις
1473 3349 1540 3414 ε’ν·
1576 3355 1817 3433 Χριστῷ
1857 3350 2061 3431 Ἰησοῦ
2104 3349 2350 3431 Eph.11‚
2374 3351 2435 3420 6.

125 3457 258 3519 Col.
306 3456 350 3530 1,
397 3456 501 3523 20.
549 3456 645 3530 111,
694 3454 756 3521 3.
804 3452 870 3521 4'.
919 3454 1070 3521 Phil.
1119 3454 1186 3529 3,
1236 3457 1342 3522 20.
1434 3457 1569 3522 Non
1618 3476 1804 3537 nego,
1855 3458 2020 3520 illam
2067 3461 2225 3522 coeli
2269 3479 2438 3541 aper-

119 3574 334 3637 turam,
383 3582 533 3645 quae
582 3566 868 3628 continuo
906 3561 973 3624 fit
998 3581 1108 3644 per
1133 3562 1438 3643 Evangelii
1473 3559 1780 3627 victoriam
1820 3572 2185 3640 terrestrem,
2231 3586 2439 3630 rursus

26 3713 27 3718 κ
119 3674 393 3754 figuram·
424 3689 565 3734 csse
624 3679 687 3735 et
729 3679 934 3753 typum
979 3670 1199 3751 plenae
1246 3672 1415 3750 regni
1463 3672 1750 3734 coelestis
1794 3675 2221 3746 revelationiS,
2287 3693 2437 3756 quae

121 3788 264 3863 post
306 3776 517 3841 mundi
561 3776 746 3840 finem
789 3777 1000 3840 aderit.
1093 3776 1219 3839 Sed
1265 3780 1318 3839 si
1363 3797 1526 3850 res,
1586 3796 1733 3858 quas
1789 3797 1999 3842 versus
2054 3763 2242 3843 nostri
2285 3781 2440 3843 indi·

128 3896 290 3966 cant,
335 3889 400 3949 in
446 3892 643 3948 semet
684 3884 833 3964 ipsis
875 3869 1083 3945 rursus
1129 3884 1467 3963 prophetici
1512 3881 1743 3966 aliquid
1786 3886 2030 3960 habent,
2075 3905 2201 3949 non
2238 3890 2441 3950 statim

126 4046 222 4084 ras
259 4030 440 4082 matth.
479 4029 532 4082 6.
570 4027 619 4079 7.
671 4026 750 4094 X,
787 4025 872 4079 34.
908 4027 971 4078 de
1008 4026 1131 4093 igne
1169 4026 1283 4078 Act.
1322 4003 1404 4095 Ii,
1456 4025 1508 4080 3.
1546 4027 1628 4082 cll.
1669 4019 1755 4079 19.
1791 4033 1845 4082 ct
1896 4029 2021 4083 Luc.
2058 4029 2190 4102 XII,
2228 4030 2312 4084 49.
2352 4032 2438 4085 50.

129 4119 312 4173 natta.
349 4121 439 4189 nr,
479 4120 563 4172 11.
2421 4137 2425 4144 ·

122 4269 127 4276 ,
271 4208 365 4277 26)
399 4207 569 4264 Simili
602 4207 750 4260 modo
786 4205 1194 4272 Chrysostomus
1231 4205 1391 4259 verba
1423 4205 1543 4259 illa:
1578 4242 1614 4276 „
1648 4204 1708 4260 αἱ
1745 4198 2009 4281 δυνάμεις
2040 4206 2156 4268 τῶν
2188 4204 2447 4283 οὐρανῶν

132 4294 601 4370 σαλευθήσονταιίί
637 4299 854 4368 explicat
887 4296 955 4351 ib.
991 4312 1074 4348 no.
1112 4296 1197 4348 27.
1406 4307 1411 4318 ·

1904 4377 1943 4442 5
