<?xml version="1.0" encoding="UTF-8"?>
<!DOCTYPE html PUBLIC "-//W3C//DTD XHTML 1.0 Transitional//EN"
    "http://www.w3.org/TR/xhtml1/DTD/xhtml1-transitional.dtd">
<html xmlns="http://www.w3.org/1999/xhtml" xml:lang="en" lang="en">
 <head>
  <title>
</title>
<meta http-equiv="Content-Type" content="text/html;charset=utf-8" />
  <meta name='ocr-system' content='tesseract 3.04.00' />
  <meta name='ocr-capabilities' content='ocr_page ocr_carea ocr_par ocr_line ocrx_word'/>
</head>
<body>
  <div class='ocr_page' id='page_1' title='image "./deorationechris00dorngoog_0034.png"; bbox 0 0 2934 4797; ppageno 0'>
   <div class='ocr_carea' id='block_1_1' title="bbox 1557 207 1644 277">
    <p class='ocr_par' dir='ltr' id='par_1_1' title="bbox 1557 207 1644 277">
     <span class='ocr_line' id='line_1_1' title="bbox 1557 207 1644 277; baseline 0 0"><span class='ocrx_word' id='word_1_1' title='bbox 1557 207 1644 277; x_wconf 86' lang='grc'><strong>24</strong></span> 
     </span>
    </p>
   </div>
   <div class='ocr_carea' id='block_1_2' title="bbox 431 388 2778 687">
    <p class='ocr_par' dir='ltr' id='par_1_2' title="bbox 431 388 2778 687">
     <span class='ocr_line' id='line_1_2' title="bbox 431 388 2775 475; baseline -0.003 -20"><span class='ocrx_word' id='word_1_2' title='bbox 431 393 574 455; x_wconf 87' lang='lat' dir='ltr'><strong>ismi</strong></span> <span class='ocrx_word' id='word_1_3' title='bbox 618 400 884 471; x_wconf 83' lang='lat' dir='ltr'><strong>stragem</strong></span> <span class='ocrx_word' id='word_1_4' title='bbox 931 392 1209 475; x_wconf 84' lang='lat' dir='ltr'><strong>parusiae</strong></span> <span class='ocrx_word' id='word_1_5' title='bbox 1256 388 1449 470; x_wconf 86' lang='lat' dir='ltr'><strong>ipsius</strong></span> <span class='ocrx_word' id='word_1_6' title='bbox 1497 388 1731 451; x_wconf 91' lang='lat' dir='ltr'><strong>inhiare</strong></span> <span class='ocrx_word' id='word_1_7' title='bbox 1777 390 2000 461; x_wconf 82' lang='lat' dir='ltr'><strong>velint,</strong></span> <span class='ocrx_word' id='word_1_8' title='bbox 2049 389 2164 451; x_wconf 89' lang='lat' dir='ltr'><strong>sed</strong></span> <span class='ocrx_word' id='word_1_9' title='bbox 2208 390 2411 471; x_wconf 86' lang='lat' dir='ltr'><strong>potius</strong></span> <span class='ocrx_word' id='word_1_10' title='bbox 2458 393 2630 451; x_wconf 92' lang='lat' dir='ltr'><strong>caute</strong></span> <span class='ocrx_word' id='word_1_11' title='bbox 2677 389 2775 450; x_wconf 87' lang='lat' dir='ltr'><strong>in-</strong></span> 
     </span>
     <span class='ocr_line' id='line_1_3' title="bbox 435 493 2776 576; baseline -0.003 -13"><span class='ocrx_word' id='word_1_12' title='bbox 435 499 690 571; x_wconf 78' lang='lat' dir='ltr'><strong>cedere,</strong></span> <span class='ocrx_word' id='word_1_13' title='bbox 756 503 823 560; x_wconf 92' lang='lat' dir='ltr'><strong>ut</strong></span> <span class='ocrx_word' id='word_1_14' title='bbox 878 516 913 561; x_wconf 93' lang='lat' dir='ltr'><strong>a</strong></span> <span class='ocrx_word' id='word_1_15' title='bbox 968 495 1364 560; x_wconf 81' lang='lat' dir='ltr'><strong>multimodae</strong></span> <span class='ocrx_word' id='word_1_16' title='bbox 1419 493 2033 576; x_wconf 86' lang='lat' dir='ltr'><strong>pseudodidascaliae</strong></span> <span class='ocrx_word' id='word_1_17' title='bbox 2085 495 2296 559; x_wconf 79' lang='lat' dir='ltr'><strong>fraude</strong></span> <span class='ocrx_word' id='word_1_18' title='bbox 2352 515 2423 559; x_wconf 89' lang='lat' dir='ltr'><strong>cx</strong></span> <span class='ocrx_word' id='word_1_19' title='bbox 2467 497 2573 559; x_wconf 86' lang='lat' dir='ltr'><strong>illo</strong></span> <span class='ocrx_word' id='word_1_20' title='bbox 2617 495 2776 557; x_wconf 85' lang='lat' dir='ltr'><strong>inde</strong></span> 
     </span>
     <span class='ocr_line' id='line_1_4' title="bbox 432 601 2778 687; baseline 0 -19"><span class='ocrx_word' id='word_1_21' title='bbox 432 614 706 687; x_wconf 81' lang='lat' dir='ltr'><strong>tempore</strong></span> <span class='ocrx_word' id='word_1_22' title='bbox 754 604 1089 667; x_wconf 88' lang='lat' dir='ltr'><strong>ecclesiam</strong></span> <span class='ocrx_word' id='word_1_23' title='bbox 1135 608 1422 666; x_wconf 77' lang='lat' dir='ltr'><strong>vexatura</strong></span> <span class='ocrx_word' id='word_1_24' title='bbox 1466 603 1772 667; x_wconf 79' lang='lat' dir='ltr'><strong>immunes</strong></span> <span class='ocrx_word' id='word_1_25' title='bbox 1819 602 1957 664; x_wconf 88' lang='lat' dir='ltr'><strong>sint.</strong></span> <span class='ocrx_word' id='word_1_26' title='bbox 2007 601 2115 663; x_wconf 90' lang='lat' dir='ltr'><strong>Cui</strong></span> <span class='ocrx_word' id='word_1_27' title='bbox 2172 620 2454 666; x_wconf 87' lang='lat' dir='ltr'><strong>versuum</strong></span> <span class='ocrx_word' id='word_1_28' title='bbox 2501 601 2778 668; x_wconf 84' lang='lat'>23--28</span> 
     </span>
    </p>
   </div>
   <div class='ocr_carea' id='block_1_3' title="bbox 433 706 2902 795">
    <p class='ocr_par' dir='ltr' id='par_1_3' title="bbox 433 706 2902 795">
     <span class='ocr_line' id='line_1_5' title="bbox 433 706 2902 795; baseline -0.004 -19"><span class='ocrx_word' id='word_1_29' title='bbox 433 714 922 794; x_wconf 83' lang='lat' dir='ltr'><strong>interpretationi</strong></span> <span class='ocrx_word' id='word_1_30' title='bbox 966 713 1381 795; x_wconf 79' lang='lat' dir='ltr'><strong>patrocinatur</strong></span> <span class='ocrx_word' id='word_1_31' title='bbox 1424 709 1572 771; x_wconf 90' lang='lat' dir='ltr'><strong>Luc.</strong></span> <span class='ocrx_word' id='word_1_32' title='bbox 1620 707 1782 782; x_wconf 87' lang='lat' dir='ltr'>XXI,</span> <span class='ocrx_word' id='word_1_33' title='bbox 1830 706 1918 773; x_wconf 84' lang='lat'><strong>24</strong></span> <span class='ocrx_word' id='word_1_34' title='bbox 1980 709 2079 771; x_wconf 90' lang='lat' dir='ltr'><strong>cll.</strong></span> <span class='ocrx_word' id='word_1_35' title='bbox 2129 707 2255 784; x_wconf 88' lang='grc'><strong>25,</strong></span> <span class='ocrx_word' id='word_1_36' title='bbox 2310 729 2429 773; x_wconf 91' lang='lat' dir='ltr'><strong>nec</strong></span> <span class='ocrx_word' id='word_1_37' title='bbox 2473 730 2595 772; x_wconf 91' lang='lat' dir='ltr'><strong>non</strong></span> <span class='ocrx_word' id='word_1_38' title='bbox 2644 711 2776 773; x_wconf 84' lang='lat' dir='ltr'><strong>his·</strong></span> <span class='ocrx_word' id='word_1_39' title='bbox 2901 762 2902 767; x_wconf 73' lang='grc'>,</span> 
     </span>
    </p>
   </div>
   <div class='ocr_carea' id='block_1_4' title="bbox 434 816 2785 1543">
    <p class='ocr_par' dir='ltr' id='par_1_4' title="bbox 434 816 2785 1543">
     <span class='ocr_line' id='line_1_6' title="bbox 434 816 2779 898; baseline -0.002 -15"><span class='ocrx_word' id='word_1_40' title='bbox 434 824 587 884; x_wconf 87' lang='lat' dir='ltr'><strong>toria</strong></span> <span class='ocrx_word' id='word_1_41' title='bbox 632 819 1079 883; x_wconf 71' lang='lat' dir='ltr'><strong>aeclesiastica.</strong></span> <span class='ocrx_word' id='word_1_42' title='bbox 1170 816 1515 898; x_wconf 84' lang='lat' dir='ltr'><strong>Exspectari</strong></span> <span class='ocrx_word' id='word_1_43' title='bbox 1563 822 1835 898; x_wconf 85' lang='lat' dir='ltr'><strong>poterat,</strong></span> <span class='ocrx_word' id='word_1_44' title='bbox 1887 816 2253 880; x_wconf 81' lang='lat' dir='ltr'><strong>Christianos</strong></span> <span class='ocrx_word' id='word_1_45' title='bbox 2302 835 2441 880; x_wconf 91' lang='lat' dir='ltr'><strong>cum</strong></span> <span class='ocrx_word' id='word_1_46' title='bbox 2486 817 2779 881; x_wconf 83' lang='lat' dir='ltr'><strong>Hieroso-</strong></span> 
     </span>
     <span class='ocr_line' id='line_1_7' title="bbox 436 922 2778 1009; baseline -0 -19"><span class='ocrx_word' id='word_1_47' title='bbox 436 930 733 1009; x_wconf 76' lang='lat' dir='ltr'><strong>lymorum</strong></span> <span class='ocrx_word' id='word_1_48' title='bbox 772 931 933 991; x_wconf 84' lang='lat' dir='ltr'><strong>exitu</strong></span> <span class='ocrx_word' id='word_1_49' title='bbox 962 923 1169 991; x_wconf 89' lang='lat' dir='ltr'><strong>mundi</strong></span> <span class='ocrx_word' id='word_1_50' title='bbox 1199 942 1440 1004; x_wconf 89' lang='lat' dir='ltr'><strong>quoque</strong></span> <span class='ocrx_word' id='word_1_51' title='bbox 1487 922 1673 986; x_wconf 88' lang='lat' dir='ltr'><strong>finem</strong></span> <span class='ocrx_word' id='word_1_52' title='bbox 1721 923 2113 1003; x_wconf 89' lang='lat' dir='ltr'><strong>conjunctum</strong></span> <span class='ocrx_word' id='word_1_53' title='bbox 2158 927 2230 988; x_wconf 90' lang='lat' dir='ltr'><strong>iri</strong></span> <span class='ocrx_word' id='word_1_54' title='bbox 2258 926 2778 1009; x_wconf 72' lang='lat' dir='ltr'><strong>putaturos.¹Sed</strong></span> 
     </span>
     <span class='ocr_line' id='line_1_8' title="bbox 438 1033 2778 1118; baseline -0 -20"><span class='ocrx_word' id='word_1_55' title='bbox 438 1035 651 1098; x_wconf 88' lang='lat' dir='ltr'><strong>nullibi</strong></span> <span class='ocrx_word' id='word_1_56' title='bbox 710 1037 1040 1118; x_wconf 89' lang='lat' dir='ltr'><strong>reperitur,</strong></span> <span class='ocrx_word' id='word_1_57' title='bbox 1105 1033 1211 1095; x_wconf 93' lang='lat' dir='ltr'><strong>illo</strong></span> <span class='ocrx_word' id='word_1_58' title='bbox 1266 1034 1628 1114; x_wconf 84' lang='lat' dir='ltr'><strong>praesertim</strong></span> <span class='ocrx_word' id='word_1_59' title='bbox 1672 1039 1949 1114; x_wconf 89' lang='lat' dir='ltr'><strong>tempore</strong></span> <span class='ocrx_word' id='word_1_60' title='bbox 1998 1051 2175 1115; x_wconf 88' lang='lat' dir='ltr'><strong>spem</strong></span> <span class='ocrx_word' id='word_1_61' title='bbox 2221 1035 2501 1117; x_wconf 89' lang='lat' dir='ltr'><strong>parusiae</strong></span> <span class='ocrx_word' id='word_1_62' title='bbox 2549 1035 2778 1097; x_wconf 82' lang='lat' dir='ltr'><strong>Christi</strong></span> 
     </span>
     <span class='ocr_line' id='line_1_9' title="bbox 438 1118 2778 1220; baseline -0.002 -13"><span class='ocrx_word' id='word_1_63' title='bbox 438 1143 795 1208; x_wconf 84' lang='lat' dir='ltr'><strong>vividiorem</strong></span> <span class='ocrx_word' id='word_1_64' title='bbox 842 1118 1137 1220; x_wconf 73' lang='lat' dir='ltr'><strong>viguisse.</strong></span> <span class='ocrx_word' id='word_1_65' title='bbox 1233 1137 1414 1213; x_wconf 87' lang='lat' dir='ltr'><strong>Quod</strong></span> <span class='ocrx_word' id='word_1_66' title='bbox 1457 1140 1679 1201; x_wconf 89' lang='lat' dir='ltr'><strong>mirum</strong></span> <span class='ocrx_word' id='word_1_67' title='bbox 1724 1156 1875 1200; x_wconf 90' lang='lat' dir='ltr'><strong>sane</strong></span> <span class='ocrx_word' id='word_1_68' title='bbox 1922 1146 2123 1213; x_wconf 89' lang='lat' dir='ltr'><strong>esset,</strong></span> <span class='ocrx_word' id='word_1_69' title='bbox 2185 1142 2305 1206; x_wconf 86' lang='lat' dir='ltr'><strong>nisi</strong></span> <span class='ocrx_word' id='word_1_70' title='bbox 2359 1141 2477 1204; x_wconf 90' lang='lat' dir='ltr'><strong>hae</strong></span> <span class='ocrx_word' id='word_1_71' title='bbox 2521 1149 2778 1204; x_wconf 87' lang='lat' dir='ltr'><strong>nostrae</strong></span> 
     </span>
     <span class='ocr_line' id='line_1_10' title="bbox 441 1243 2782 1330; baseline -0.001 -17"><span class='ocrx_word' id='word_1_72' title='bbox 441 1252 751 1313; x_wconf 88' lang='lat' dir='ltr'><strong>orationes</strong></span> <span class='ocrx_word' id='word_1_73' title='bbox 801 1246 1023 1309; x_wconf 79' lang='lat' dir='ltr'><strong>Christi</strong></span> <span class='ocrx_word' id='word_1_74' title='bbox 1083 1243 1576 1324; x_wconf 88' lang='lat' dir='ltr'><strong>eschatologicae</strong></span> <span class='ocrx_word' id='word_1_75' title='bbox 1636 1246 1948 1328; x_wconf 90' lang='lat' dir='ltr'><strong>apostolos</strong></span> <span class='ocrx_word' id='word_1_76' title='bbox 2010 1244 2400 1321; x_wconf 86' lang='lat' dir='ltr'><strong>docuissent,</strong></span> <span class='ocrx_word' id='word_1_77' title='bbox 2465 1250 2782 1330; x_wconf 88' lang='lat' dir='ltr'><strong>parusiam</strong></span> 
     </span>
     <span class='ocr_line' id='line_1_11' title="bbox 441 1352 2776 1434; baseline -0.001 -15"><span class='ocrx_word' id='word_1_78' title='bbox 441 1357 661 1420; x_wconf 88' lang='lat' dir='ltr'><strong>Christi</strong></span> <span class='ocrx_word' id='word_1_79' title='bbox 708 1373 758 1417; x_wconf 66' lang='lat' dir='ltr'><strong>,a</strong></span> <span class='ocrx_word' id='word_1_80' title='bbox 810 1353 1045 1433; x_wconf 84' lang='lat' dir='ltr'><strong>judicio</strong></span> <span class='ocrx_word' id='word_1_81' title='bbox 1105 1353 1184 1416; x_wconf 88' lang='lat' dir='ltr'><strong>de</strong></span> <span class='ocrx_word' id='word_1_82' title='bbox 1245 1352 1685 1434; x_wconf 79' lang='lat' dir='ltr'><strong>Hierosolymis</strong></span> <span class='ocrx_word' id='word_1_83' title='bbox 1748 1352 2003 1416; x_wconf 83' lang='lat' dir='ltr'><strong>ferendo</strong></span> <span class='ocrx_word' id='word_1_84' title='bbox 2069 1352 2535 1419; x_wconf 84' lang='lat' dir='ltr'><strong>discernendam</strong></span> <span class='ocrx_word' id='word_1_85' title='bbox 2599 1374 2776 1418; x_wconf 87' lang='lat' dir='ltr'><strong>esse.</strong></span> 
     </span>
     <span class='ocr_line' id='line_1_12' title="bbox 442 1457 2785 1543; baseline 0.002 -18"><span class='ocrx_word' id='word_1_86' title='bbox 442 1461 682 1526; x_wconf 89' lang='lat' dir='ltr'><strong>Deinde</strong></span> <span class='ocrx_word' id='word_1_87' title='bbox 712 1460 861 1522; x_wconf 90' lang='lat' dir='ltr'><strong>illud</strong></span> <span class='ocrx_word' id='word_1_88' title='bbox 892 1477 1135 1543; x_wconf 91' lang='lat' dir='ltr'><strong>quoque</strong></span> <span class='ocrx_word' id='word_1_89' title='bbox 1166 1461 1448 1522; x_wconf 81' lang='lat' dir='ltr'><strong>evenisse</strong></span> <span class='ocrx_word' id='word_1_90' title='bbox 1477 1458 1669 1532; x_wconf 83' lang='lat' dir='ltr'><strong>vides,</strong></span> <span class='ocrx_word' id='word_1_91' title='bbox 1700 1457 1861 1538; x_wconf 90' lang='lat' dir='ltr'><strong>quod</strong></span> <span class='ocrx_word' id='word_1_92' title='bbox 1882 1458 2294 1524; x_wconf 87' lang='lat' dir='ltr'><strong>admonitione</strong></span> <span class='ocrx_word' id='word_1_93' title='bbox 2316 1462 2418 1525; x_wconf 86' lang='lat' dir='ltr'><strong>illa</strong></span> <span class='ocrx_word' id='word_1_94' title='bbox 2434 1482 2490 1527; x_wconf 74' lang='grc' dir='ltr'><strong>ν.</strong></span> <span class='ocrx_word' id='word_1_95' title='bbox 2512 1462 2785 1530; x_wconf 86' lang='grc'>23-28</span> 
     </span>
    </p>
   </div>
   <div class='ocr_carea' id='block_1_5' title="bbox 450 1550 2904 1651">
    <p class='ocr_par' dir='ltr' id='par_1_5' title="bbox 450 1550 2904 1651">
     <span class='ocr_line' id='line_1_13' title="bbox 450 1550 2904 1651; baseline 0.001 -19"><span class='ocrx_word' id='word_1_96' title='bbox 450 1573 810 1644; x_wconf 84' lang='lat' dir='ltr'><strong>continetur,</strong></span> <span class='ocrx_word' id='word_1_97' title='bbox 860 1570 1007 1633; x_wconf 88' lang='lat' dir='ltr'><strong>inde</strong></span> <span class='ocrx_word' id='word_1_98' title='bbox 1054 1588 1089 1633; x_wconf 92' lang='lat' dir='ltr'><strong>a</strong></span> <span class='ocrx_word' id='word_1_99' title='bbox 1133 1569 1546 1651; x_wconf 80' lang='lat' dir='ltr'><strong>metropoleos</strong></span> <span class='ocrx_word' id='word_1_100' title='bbox 1595 1568 1960 1645; x_wconf 84' lang='lat' dir='ltr'><strong>christianae</strong></span> <span class='ocrx_word' id='word_1_101' title='bbox 2007 1572 2165 1636; x_wconf 82' lang='lat' dir='ltr'><strong>exitu</strong></span> <span class='ocrx_word' id='word_1_102' title='bbox 2210 1572 2413 1649; x_wconf 87' lang='lat' dir='ltr'><strong>multis</strong></span> <span class='ocrx_word' id='word_1_103' title='bbox 2448 1575 2784 1637; x_wconf 87' lang='lat' dir='ltr'><strong>ecclesiam</strong></span> <span class='ocrx_word' id='word_1_104' title='bbox 2903 1550 2904 1603; x_wconf 26' lang='grc' dir='ltr'>ἕ</span> 
     </span>
    </p>
   </div>
   <div class='ocr_carea' id='block_1_6' title="bbox 383 1670 2795 4344">
    <p class='ocr_par' dir='ltr' id='par_1_6' title="bbox 443 1670 2790 3265">
     <span class='ocr_line' id='line_1_14' title="bbox 447 1670 2785 1757; baseline 0.002 -18"><span class='ocrx_word' id='word_1_105' title='bbox 447 1678 750 1757; x_wconf 89' lang='lat' dir='ltr'><strong>erroribus</strong></span> <span class='ocrx_word' id='word_1_106' title='bbox 810 1680 1161 1741; x_wconf 85' lang='lat' dir='ltr'><strong>infestatum</strong></span> <span class='ocrx_word' id='word_1_107' title='bbox 1217 1679 1312 1739; x_wconf 89' lang='lat' dir='ltr'><strong>iri.</strong></span> <span class='ocrx_word' id='word_1_108' title='bbox 1405 1677 1562 1739; x_wconf 89' lang='lat' dir='ltr'><strong>Nam</strong></span> <span class='ocrx_word' id='word_1_109' title='bbox 1605 1676 1977 1741; x_wconf 84' lang='lat' dir='ltr'><strong>Docotarum</strong></span> <span class='ocrx_word' id='word_1_110' title='bbox 2036 1670 2100 1741; x_wconf 86' lang='lat' dir='ltr'><strong>et</strong></span> <span class='ocrx_word' id='word_1_111' title='bbox 2144 1677 2572 1744; x_wconf 84' lang='lat' dir='ltr'><strong>Gnosticorum</strong></span> <span class='ocrx_word' id='word_1_112' title='bbox 2635 1682 2785 1744; x_wconf 87' lang='lat' dir='ltr'><strong>hae-</strong></span> 
     </span>
     <span class='ocr_line' id='line_1_15' title="bbox 443 1766 2783 1868; baseline 0 -20"><span class='ocrx_word' id='word_1_113' title='bbox 443 1785 628 1860; x_wconf 87' lang='lat' dir='ltr'><strong>resin,</strong></span> <span class='ocrx_word' id='word_1_114' title='bbox 676 1786 1026 1848; x_wconf 87' lang='lat' dir='ltr'><strong>historicam</strong></span> <span class='ocrx_word' id='word_1_115' title='bbox 1055 1784 1279 1846; x_wconf 84' lang='lat' dir='ltr'><strong>Christi</strong></span> <span class='ocrx_word' id='word_1_116' title='bbox 1314 1801 1645 1864; x_wconf 86' lang='lat' dir='ltr'><strong>personam</strong></span> <span class='ocrx_word' id='word_1_117' title='bbox 1671 1785 1770 1847; x_wconf 88' lang='lat' dir='ltr'><strong>vel</strong></span> <span class='ocrx_word' id='word_1_118' title='bbox 1806 1766 2242 1849; x_wconf 84' lang='lat' dir='ltr'><strong>attenuantium</strong></span> <span class='ocrx_word' id='word_1_119' title='bbox 2268 1789 2365 1851; x_wconf 87' lang='lat' dir='ltr'><strong>vel</strong></span> <span class='ocrx_word' id='word_1_120' title='bbox 2402 1788 2783 1868; x_wconf 90' lang='lat' dir='ltr'><strong>negantium,</strong></span> 
     </span>
     <span class='ocr_line' id='line_1_16' title="bbox 448 1868 2787 1977; baseline 0.001 -21"><span class='ocrx_word' id='word_1_121' title='bbox 448 1868 965 1973; x_wconf 79' lang='lat' dir='ltr'><strong>quanquam‘ejus</strong></span> <span class='ocrx_word' id='word_1_122' title='bbox 1013 1890 1248 1954; x_wconf 85' lang='lat' dir='ltr'><strong>semina</strong></span> <span class='ocrx_word' id='word_1_123' title='bbox 1299 1890 1505 1953; x_wconf 89' lang='lat' dir='ltr'><strong>multis</strong></span> <span class='ocrx_word' id='word_1_124' title='bbox 1548 1891 1701 1954; x_wconf 91' lang='lat' dir='ltr'><strong>locis</strong></span> <span class='ocrx_word' id='word_1_125' title='bbox 1737 1899 1986 1973; x_wconf 86' lang='lat' dir='ltr'><strong>praesto</strong></span> <span class='ocrx_word' id='word_1_126' title='bbox 2033 1901 2273 1968; x_wconf 90' lang='lat' dir='ltr'><strong>essent,</strong></span> <span class='ocrx_word' id='word_1_127' title='bbox 2335 1902 2478 1977; x_wconf 88' lang='lat' dir='ltr'><strong>post</strong></span> <span class='ocrx_word' id='word_1_128' title='bbox 2525 1897 2787 1958; x_wconf 85' lang='lat' dir='ltr'><strong>fractam</strong></span> 
     </span>
     <span class='ocr_line' id='line_1_17' title="bbox 447 1997 2785 2078; baseline 0 -16"><span class='ocrx_word' id='word_1_129' title='bbox 447 2000 693 2063; x_wconf 90' lang='lat' dir='ltr'><strong>demum</strong></span> <span class='ocrx_word' id='word_1_130' title='bbox 739 1997 1210 2063; x_wconf 89' lang='lat' dir='ltr'><strong>Christianorum</strong></span> <span class='ocrx_word' id='word_1_131' title='bbox 1262 1998 1629 2078; x_wconf 88' lang='lat' dir='ltr'><strong>metropolin</strong></span> <span class='ocrx_word' id='word_1_132' title='bbox 1689 2005 1901 2078; x_wconf 88' lang='lat' dir='ltr'><strong>segete</strong></span> <span class='ocrx_word' id='word_1_133' title='bbox 1955 2001 2137 2061; x_wconf 88' lang='lat' dir='ltr'><strong>nimis</strong></span> <span class='ocrx_word' id='word_1_134' title='bbox 2181 2001 2339 2063; x_wconf 74' lang='lat' dir='ltr'><strong>laeta</strong></span> <span class='ocrx_word' id='word_1_135' title='bbox 2386 2003 2785 2074; x_wconf 84' lang='lat' dir='ltr'><strong>exuberasse,</strong></span> 
     </span>
     <span class='ocr_line' id='line_1_18' title="bbox 450 2105 2786 2187; baseline 0 -16"><span class='ocrx_word' id='word_1_136' title='bbox 450 2113 714 2179; x_wconf 89' lang='lat' dir='ltr'><strong>constat,</strong></span> <span class='ocrx_word' id='word_1_137' title='bbox 775 2105 961 2187; x_wconf 89' lang='lat' dir='ltr'><strong>idque</strong></span> <span class='ocrx_word' id='word_1_138' title='bbox 1022 2106 1261 2169; x_wconf 90' lang='lat' dir='ltr'><strong>interno</strong></span> <span class='ocrx_word' id='word_1_139' title='bbox 1323 2105 1587 2184; x_wconf 87' lang='lat' dir='ltr'><strong>quodam</strong></span> <span class='ocrx_word' id='word_1_140' title='bbox 1642 2106 1889 2169; x_wconf 77' lang='lat' dir='ltr'><strong>vinculo</strong></span> <span class='ocrx_word' id='word_1_141' title='bbox 1948 2106 2237 2179; x_wconf 80' lang='lat' dir='ltr'><strong>historico</strong></span> <span class='ocrx_word' id='word_1_142' title='bbox 2298 2126 2437 2170; x_wconf 90' lang='lat' dir='ltr'><strong>cum</strong></span> <span class='ocrx_word' id='word_1_143' title='bbox 2492 2107 2786 2187; x_wconf 82' lang='lat' dir='ltr'><strong>judaicae</strong></span> 
     </span>
     <span class='ocr_line' id='line_1_19' title="bbox 449 2212 2786 2298; baseline -0 -20"><span class='ocrx_word' id='word_1_144' title='bbox 449 2217 645 2298; x_wconf 86' lang='lat' dir='ltr'><strong>gentis</strong></span> <span class='ocrx_word' id='word_1_145' title='bbox 692 2220 888 2294; x_wconf 83' lang='lat' dir='ltr'><strong>strage</strong></span> <span class='ocrx_word' id='word_1_146' title='bbox 932 2214 1288 2285; x_wconf 89' lang='lat' dir='ltr'><strong>cohaerere,</strong></span> <span class='ocrx_word' id='word_1_147' title='bbox 1334 2213 1536 2295; x_wconf 39' lang='lat' dir='ltr'><strong>plane*</strong></span> <span class='ocrx_word' id='word_1_148' title='bbox 1564 2212 1710 2274; x_wconf 91' lang='lat' dir='ltr'><strong>mihi</strong></span> <span class='ocrx_word' id='word_1_149' title='bbox 1753 2229 2112 2293; x_wconf 84' lang='lat' dir='ltr'><strong>persuasum</strong></span> <span class='ocrx_word' id='word_1_150' title='bbox 2159 2219 2271 2276; x_wconf 88' lang='lat' dir='ltr'><strong>est.</strong></span> <span class='ocrx_word' id='word_1_151' title='bbox 2362 2217 2558 2278; x_wconf 89' lang='lat' dir='ltr'><strong>Etiam</strong></span> <span class='ocrx_word' id='word_1_152' title='bbox 2601 2215 2786 2295; x_wconf 86' lang='lat' dir='ltr'><strong>Ehjo-</strong></span> 
     </span>
     <span class='ocr_line' id='line_1_20' title="bbox 451 2319 2782 2406; baseline -0.001 -20"><span class='ocrx_word' id='word_1_153' title='bbox 451 2327 711 2387; x_wconf 90' lang='lat' dir='ltr'><strong>nitarum</strong></span> <span class='ocrx_word' id='word_1_154' title='bbox 756 2321 1000 2385; x_wconf 87' lang='lat' dir='ltr'><strong>haeresi</strong></span> <span class='ocrx_word' id='word_1_155' title='bbox 1048 2319 1303 2384; x_wconf 87' lang='lat' dir='ltr'><strong>candem</strong></span> <span class='ocrx_word' id='word_1_156' title='bbox 1348 2328 1612 2401; x_wconf 88' lang='lat' dir='ltr'><strong>stragem</strong></span> <span class='ocrx_word' id='word_1_157' title='bbox 1659 2337 1730 2382; x_wconf 87' lang='lat' dir='ltr'><strong>ex</strong></span> <span class='ocrx_word' id='word_1_158' title='bbox 1774 2326 1940 2401; x_wconf 89' lang='lat' dir='ltr'><strong>parte</strong></span> <span class='ocrx_word' id='word_1_159' title='bbox 1988 2320 2246 2401; x_wconf 78' lang='lat' dir='ltr'><strong>quadam</strong></span> <span class='ocrx_word' id='word_1_160' title='bbox 2298 2323 2564 2396; x_wconf 70' lang='lat' dir='ltr'><strong>favisse,</strong></span> <span class='ocrx_word' id='word_1_161' title='bbox 2608 2329 2782 2406; x_wconf 81' lang='lat' dir='ltr'><strong>puto.</strong></span> 
     </span>
     <span class='ocr_line' id='line_1_21' title="bbox 454 2425 2786 2511; baseline -0.001 -17"><span class='ocrx_word' id='word_1_162' title='bbox 454 2433 521 2495; x_wconf 89' lang='lat' dir='ltr'><strong>In</strong></span> <span class='ocrx_word' id='word_1_163' title='bbox 580 2431 863 2510; x_wconf 86' lang='lat' dir='ltr'><strong>angulum</strong></span> <span class='ocrx_word' id='word_1_164' title='bbox 911 2427 1074 2492; x_wconf 88' lang='lat' dir='ltr'><strong>enim</strong></span> <span class='ocrx_word' id='word_1_165' title='bbox 1121 2425 1335 2490; x_wconf 86' lang='lat' dir='ltr'><strong>exinde</strong></span> <span class='ocrx_word' id='word_1_166' title='bbox 1383 2427 1618 2490; x_wconf 87' lang='lat' dir='ltr'><strong>redacti</strong></span> <span class='ocrx_word' id='word_1_167' title='bbox 1668 2428 2145 2490; x_wconf 83' lang='lat' dir='ltr'><strong>Christianorum</strong></span> <span class='ocrx_word' id='word_1_168' title='bbox 2203 2429 2479 2511; x_wconf 88' lang='lat' dir='ltr'><strong>plurimi,</strong></span> <span class='ocrx_word' id='word_1_169' title='bbox 2543 2432 2643 2509; x_wconf 92' lang='lat' dir='ltr'><strong>qui</strong></span> <span class='ocrx_word' id='word_1_170' title='bbox 2707 2449 2786 2492; x_wconf 83' lang='lat' dir='ltr'><strong>ex</strong></span> 
     </span>
     <span class='ocr_line' id='line_1_22' title="bbox 455 2515 2782 2620; baseline -0.001 -19"><span class='ocrx_word' id='word_1_171' title='bbox 455 2539 763 2608; x_wconf 69' lang='lat' dir='ltr'><strong>Hebraeis,</strong></span> <span class='ocrx_word' id='word_1_172' title='bbox 810 2543 1014 2616; x_wconf 85' lang='lat' dir='ltr'><strong>erant,</strong></span> <span class='ocrx_word' id='word_1_173' title='bbox 1072 2542 1133 2598; x_wconf 88' lang='lat' dir='ltr'><strong>et</strong></span> <span class='ocrx_word' id='word_1_174' title='bbox 1194 2554 1228 2597; x_wconf 91' lang='lat' dir='ltr'><strong>a</strong></span> <span class='ocrx_word' id='word_1_175' title='bbox 1285 2536 1557 2616; x_wconf 89' lang='lat' dir='ltr'><strong>reliquae</strong></span> <span class='ocrx_word' id='word_1_176' title='bbox 1623 2534 1929 2598; x_wconf 91' lang='lat' dir='ltr'><strong>ecclesiae</strong></span> <span class='ocrx_word' id='word_1_177' title='bbox 1979 2515 2406 2601; x_wconf 77' lang='lat' dir='ltr'><strong>communione</strong></span> <span class='ocrx_word' id='word_1_178' title='bbox 2451 2540 2782 2620; x_wconf 88' lang='lat' dir='ltr'><strong>intercepti</strong></span> 
     </span>
     <span class='ocr_line' id='line_1_23' title="bbox 460 2640 2784 2725; baseline -0.001 -16"><span class='ocrx_word' id='word_1_179' title='bbox 460 2647 822 2710; x_wconf 88' lang='lat' dir='ltr'><strong>commentis</strong></span> <span class='ocrx_word' id='word_1_180' title='bbox 868 2650 971 2706; x_wconf 89' lang='lat' dir='ltr'><strong>aut</strong></span> <span class='ocrx_word' id='word_1_181' title='bbox 1014 2645 1143 2705; x_wconf 90' lang='lat' dir='ltr'><strong>suis</strong></span> <span class='ocrx_word' id='word_1_182' title='bbox 1191 2649 1295 2706; x_wconf 92' lang='lat' dir='ltr'><strong>aut</strong></span> <span class='ocrx_word' id='word_1_183' title='bbox 1337 2643 1551 2705; x_wconf 89' lang='lat' dir='ltr'><strong>alienis</strong></span> <span class='ocrx_word' id='word_1_184' title='bbox 1596 2640 1914 2721; x_wconf 87' lang='lat' dir='ltr'><strong>indulgere</strong></span> <span class='ocrx_word' id='word_1_185' title='bbox 1959 2650 2323 2725; x_wconf 82' lang='lat' dir='ltr'><strong>coeperunt.</strong></span> <span class='ocrx_word' id='word_1_186' title='bbox 2372 2645 2784 2710; x_wconf 78' lang='lat' dir='ltr'><strong>Veruntamen</strong></span> 
     </span>
     <span class='ocr_line' id='line_1_24' title="bbox 461 2742 2787 2834; baseline 0 -18"><span class='ocrx_word' id='word_1_187' title='bbox 461 2771 582 2816; x_wconf 91' lang='lat' dir='ltr'><strong>non</strong></span> <span class='ocrx_word' id='word_1_188' title='bbox 645 2752 723 2815; x_wconf 89' lang='lat' dir='ltr'><strong>ad</strong></span> <span class='ocrx_word' id='word_1_189' title='bbox 779 2742 1084 2834; x_wconf 86' lang='lat' dir='ltr'><strong>proximos</strong></span> <span class='ocrx_word' id='word_1_190' title='bbox 1142 2751 1255 2812; x_wconf 91' lang='lat' dir='ltr'><strong>hos</strong></span> <span class='ocrx_word' id='word_1_191' title='bbox 1315 2748 1674 2812; x_wconf 88' lang='lat' dir='ltr'><strong>seductores</strong></span> <span class='ocrx_word' id='word_1_192' title='bbox 1725 2749 2209 2814; x_wconf 86' lang='lat' dir='ltr'><strong>admonitionem</strong></span> <span class='ocrx_word' id='word_1_193' title='bbox 2263 2752 2482 2816; x_wconf 88' lang='lat' dir='ltr'><strong>Christi</strong></span> <span class='ocrx_word' id='word_1_194' title='bbox 2540 2757 2787 2816; x_wconf 90' lang='lat' dir='ltr'><strong>restrin-</strong></span> 
     </span>
     <span class='ocr_line' id='line_1_25' title="bbox 464 2857 2789 2941; baseline 0 -17"><span class='ocrx_word' id='word_1_195' title='bbox 464 2860 731 2941; x_wconf 88' lang='lat' dir='ltr'><strong>gendam</strong></span> <span class='ocrx_word' id='word_1_196' title='bbox 778 2877 955 2932; x_wconf 90' lang='lat' dir='ltr'><strong>esse,</strong></span> <span class='ocrx_word' id='word_1_197' title='bbox 1022 2857 1134 2921; x_wconf 89' lang='lat' dir='ltr'><strong>sed</strong></span> <span class='ocrx_word' id='word_1_198' title='bbox 1178 2859 1360 2938; x_wconf 86' lang='lat' dir='ltr'><strong>longe</strong></span> <span class='ocrx_word' id='word_1_199' title='bbox 1409 2858 1589 2921; x_wconf 89' lang='lat' dir='ltr'><strong>latius</strong></span> <span class='ocrx_word' id='word_1_200' title='bbox 1643 2875 1780 2920; x_wconf 90' lang='lat' dir='ltr'><strong>eam</strong></span> <span class='ocrx_word' id='word_1_201' title='bbox 1830 2863 2039 2941; x_wconf 86' lang='lat' dir='ltr'><strong>patere</strong></span> <span class='ocrx_word' id='word_1_202' title='bbox 2087 2878 2277 2941; x_wconf 86' lang='lat' dir='ltr'><strong>posse</strong></span> <span class='ocrx_word' id='word_1_203' title='bbox 2317 2869 2630 2924; x_wconf 86' lang='lat' dir='ltr'><strong>ostensum</strong></span> <span class='ocrx_word' id='word_1_204' title='bbox 2669 2869 2789 2926; x_wconf 89' lang='lat' dir='ltr'><strong>est.</strong></span> 
     </span>
     <span class='ocr_line' id='line_1_26' title="bbox 463 2965 2788 3048; baseline 0 -17"><span class='ocrx_word' id='word_1_205' title='bbox 463 2969 639 3031; x_wconf 90' lang='lat' dir='ltr'><strong>Nulla</strong></span> <span class='ocrx_word' id='word_1_206' title='bbox 683 2970 888 3048; x_wconf 86' lang='lat' dir='ltr'><strong>itaque</strong></span> <span class='ocrx_word' id='word_1_207' title='bbox 951 2984 1048 3030; x_wconf 90' lang='lat' dir='ltr'><strong>ars</strong></span> <span class='ocrx_word' id='word_1_208' title='bbox 1097 2967 1410 3045; x_wconf 81' lang='lat' dir='ltr'><strong>exegetica</strong></span> <span class='ocrx_word' id='word_1_209' title='bbox 1461 2983 1535 3027; x_wconf 88' lang='lat' dir='ltr'><strong>ex</strong></span> <span class='ocrx_word' id='word_1_210' title='bbox 1590 2967 1867 3029; x_wconf 83' lang='lat' dir='ltr'><strong>versibus</strong></span> <span class='ocrx_word' id='word_1_211' title='bbox 1929 2965 2190 3033; x_wconf 89' lang='grc'>23-28</span> <span class='ocrx_word' id='word_1_212' title='bbox 2251 2975 2534 3032; x_wconf 83' lang='lat' dir='ltr'><strong>eventum</strong></span> <span class='ocrx_word' id='word_1_213' title='bbox 2593 2987 2788 3032; x_wconf 90' lang='lat' dir='ltr'><strong>unum</strong></span> 
     </span>
     <span class='ocr_line' id='line_1_27' title="bbox 467 3073 2790 3158; baseline 0.001 -19"><span class='ocrx_word' id='word_1_214' title='bbox 467 3083 821 3158; x_wconf 87' lang='lat' dir='ltr'><strong>certumque</strong></span> <span class='ocrx_word' id='word_1_215' title='bbox 870 3076 1098 3137; x_wconf 91' lang='lat' dir='ltr'><strong>elicere</strong></span> <span class='ocrx_word' id='word_1_216' title='bbox 1143 3075 1385 3155; x_wconf 86' lang='lat' dir='ltr'><strong>poterit,</strong></span> <span class='ocrx_word' id='word_1_217' title='bbox 1434 3073 1536 3153; x_wconf 94' lang='lat' dir='ltr'><strong>qui</strong></span> <span class='ocrx_word' id='word_1_218' title='bbox 1582 3073 1831 3154; x_wconf 84' lang='lat' dir='ltr'><strong>quadret</strong></span> <span class='ocrx_word' id='word_1_219' title='bbox 1875 3073 1949 3137; x_wconf 85' lang='lat' dir='ltr'><strong>ad</strong></span> <span class='ocrx_word' id='word_1_220' title='bbox 1982 3076 2164 3138; x_wconf 82' lang='lat' dir='ltr'><strong>verba</strong></span> <span class='ocrx_word' id='word_1_221' title='bbox 2208 3095 2419 3140; x_wconf 83' lang='lat' dir='ltr'><strong>versus</strong></span> <span class='ocrx_word' id='word_1_222' title='bbox 2465 3076 2587 3144; x_wconf 79' lang='lat'><strong>29:</strong></span> <span class='ocrx_word' id='word_1_223' title='bbox 2632 3075 2790 3157; x_wconf 75' lang='grc' dir='ltr'><strong>μετὰ</strong></span> 
     </span>
     <span class='ocr_line' id='line_1_28' title="bbox 467 3175 2395 3265; baseline -0.006 -17"><span class='ocrx_word' id='word_1_224' title='bbox 467 3180 567 3265; x_wconf 66' lang='grc' dir='ltr'><strong>τὴν</strong></span> <span class='ocrx_word' id='word_1_225' title='bbox 608 3184 821 3265; x_wconf 56' lang='grc' dir='ltr'><strong>θλίψιν</strong></span> <span class='ocrx_word' id='word_1_226' title='bbox 863 3186 980 3245; x_wconf 69' lang='grc' dir='ltr'><strong>τῶν</strong></span> <span class='ocrx_word' id='word_1_227' title='bbox 1020 3178 1256 3263; x_wconf 68' lang='grc' dir='ltr'><em>ἡμερῶν</em></span> <span class='ocrx_word' id='word_1_228' title='bbox 1299 3179 1547 3244; x_wconf 68' lang='grc' dir='ltr'><strong>ἐκείνων.</strong></span> <span class='ocrx_word' id='word_1_229' title='bbox 2389 3175 2395 3184; x_wconf 88' lang='grc'><em>’</em></span> 
     </span>
    </p>

    <p class='ocr_par' dir='ltr' id='par_1_7' title="bbox 383 3288 2795 4344">
     <span class='ocr_line' id='line_1_29' title="bbox 641 3288 2794 3372; baseline 0 -20"><span class='ocrx_word' id='word_1_230' title='bbox 641 3291 851 3372; x_wconf 87' lang='lat' dir='ltr'><strong>ltaque</strong></span> <span class='ocrx_word' id='word_1_231' title='bbox 910 3290 1096 3352; x_wconf 89' lang='lat' dir='ltr'><strong>altera</strong></span> <span class='ocrx_word' id='word_1_232' title='bbox 1149 3306 1400 3370; x_wconf 90' lang='lat' dir='ltr'><strong>quoque.</strong></span> <span class='ocrx_word' id='word_1_233' title='bbox 1446 3288 1566 3360; x_wconf 85' lang='lat' dir='ltr'><strong>via,</strong></span> <span class='ocrx_word' id='word_1_234' title='bbox 1633 3293 1800 3351; x_wconf 88' lang='lat' dir='ltr'><strong>ante</strong></span> <span class='ocrx_word' id='word_1_235' title='bbox 1855 3305 2098 3352; x_wconf 84' lang='lat' dir='ltr'><strong>versum</strong></span> <span class='ocrx_word' id='word_1_236' title='bbox 2152 3288 2237 3356; x_wconf 84' lang='lat'><strong>29</strong></span> <span class='ocrx_word' id='word_1_237' title='bbox 2291 3290 2580 3354; x_wconf 88' lang='lat' dir='ltr'><strong>orationis</strong></span> <span class='ocrx_word' id='word_1_238' title='bbox 2634 3293 2794 3353; x_wconf 90' lang='lat' dir='ltr'><strong>inci-</strong></span> 
     </span>
     <span class='ocr_line' id='line_1_30' title="bbox 472 3394 2795 3479; baseline -0.001 -16"><span class='ocrx_word' id='word_1_239' title='bbox 472 3417 677 3463; x_wconf 90' lang='lat' dir='ltr'><strong>suram</strong></span> <span class='ocrx_word' id='word_1_240' title='bbox 721 3399 805 3460; x_wconf 86' lang='lat' dir='ltr'><strong>ita</strong></span> <span class='ocrx_word' id='word_1_241' title='bbox 851 3413 1183 3477; x_wconf 81' lang='lat' dir='ltr'><strong>quaerens,</strong></span> <span class='ocrx_word' id='word_1_242' title='bbox 1240 3402 1315 3457; x_wconf 83' lang='lat' dir='ltr'><strong>-ut</strong></span> <span class='ocrx_word' id='word_1_243' title='bbox 1356 3396 1572 3457; x_wconf 86' lang='lat' dir='ltr'><strong>vocula</strong></span> <span class='ocrx_word' id='word_1_244' title='bbox 1617 3394 1848 3469; x_wconf 78' lang='grc' dir='ltr'><em>εὐθέως</em></span> <span class='ocrx_word' id='word_1_245' title='bbox 1892 3397 2142 3470; x_wconf 89' lang='lat' dir='ltr'><strong>habeat,</strong></span> <span class='ocrx_word' id='word_1_246' title='bbox 2209 3416 2329 3478; x_wconf 93' lang='lat' dir='ltr'><strong>quo</strong></span> <span class='ocrx_word' id='word_1_247' title='bbox 2376 3405 2512 3479; x_wconf 87' lang='lat' dir='ltr'><strong>apte</strong></span> <span class='ocrx_word' id='word_1_248' title='bbox 2571 3398 2795 3462; x_wconf 84' lang='lat' dir='ltr'><strong>referri</strong></span> 
     </span>
     <span class='ocr_line' id='line_1_31' title="bbox 473 3495 2791 3589; baseline 0 -20"><span class='ocrx_word' id='word_1_249' title='bbox 473 3506 665 3589; x_wconf 90' lang='lat' dir='ltr'><strong>possit</strong></span> <span class='ocrx_word' id='word_1_250' title='bbox 712 3512 774 3568; x_wconf 88' lang='lat' dir='ltr'><strong>et</strong></span> <span class='ocrx_word' id='word_1_251' title='bbox 820 3495 1206 3585; x_wconf 80' lang='lat' dir='ltr'><strong>expediatur,</strong></span> <span class='ocrx_word' id='word_1_252' title='bbox 1252 3521 1407 3566; x_wconf 83' lang='lat' dir='ltr'><strong>nova</strong></span> <span class='ocrx_word' id='word_1_253' title='bbox 1453 3500 1752 3583; x_wconf 81' lang='lat' dir='ltr'><strong>quaedam</strong></span> <span class='ocrx_word' id='word_1_254' title='bbox 1797 3503 2232 3584; x_wconf 84' lang='lat' dir='ltr'><strong>impedimenta</strong></span> <span class='ocrx_word' id='word_1_255' title='bbox 2279 3505 2618 3581; x_wconf 87' lang='lat' dir='ltr'><strong>incurrere,</strong></span> <span class='ocrx_word' id='word_1_256' title='bbox 2666 3510 2791 3588; x_wconf 90' lang='lat' dir='ltr'><strong>pri-</strong></span> 
     </span>
     <span class='ocr_line' id='line_1_32' title="bbox 383 3609 2788 3700; baseline -0.001 -22"><span class='ocrx_word' id='word_1_257' title='bbox 383 3683 397 3700; x_wconf 49' lang='lat'>,</span> <span class='ocrx_word' id='word_1_258' title='bbox 473 3615 693 3678; x_wconf 89' lang='lat' dir='ltr'><strong>marias</strong></span> <span class='ocrx_word' id='word_1_259' title='bbox 738 3629 882 3677; x_wconf 85' lang='lat' dir='ltr'><strong>vero</strong></span> <span class='ocrx_word' id='word_1_260' title='bbox 930 3610 1352 3683; x_wconf 75' lang='lat' dir='ltr'><strong>difficultates,</strong></span> <span class='ocrx_word' id='word_1_261' title='bbox 1416 3628 1572 3690; x_wconf 86' lang='lat' dir='ltr'><strong>quae</strong></span> <span class='ocrx_word' id='word_1_262' title='bbox 1617 3613 1679 3672; x_wconf 92' lang='lat' dir='ltr'><strong>in</strong></span> <span class='ocrx_word' id='word_1_263' title='bbox 1727 3612 2006 3675; x_wconf 82' lang='lat' dir='ltr'><strong>versibus</strong></span> <span class='ocrx_word' id='word_1_264' title='bbox 2053 3611 2136 3677; x_wconf 84' lang='lat'><strong>29</strong></span> <span class='ocrx_word' id='word_1_265' title='bbox 2175 3620 2254 3675; x_wconf 83' lang='lat' dir='ltr'><strong>et·</strong></span> <span class='ocrx_word' id='word_1_266' title='bbox 2286 3609 2372 3678; x_wconf 83' lang='lat'><strong>34</strong></span> <span class='ocrx_word' id='word_1_267' title='bbox 2426 3616 2579 3677; x_wconf 89' lang='lat' dir='ltr'><strong>sitae</strong></span> <span class='ocrx_word' id='word_1_268' title='bbox 2626 3624 2788 3688; x_wconf 90' lang='lat' dir='ltr'><strong>sunt,</strong></span> 
     </span>
     <span class='ocr_line' id='line_1_33' title="bbox 475 3709 2789 3803; baseline -0.001 -18"><span class='ocrx_word' id='word_1_269' title='bbox 475 3726 757 3786; x_wconf 84' lang='lat' dir='ltr'><strong>immotas</strong></span> <span class='ocrx_word' id='word_1_270' title='bbox 810 3722 1158 3802; x_wconf 85' lang='lat' dir='ltr'><strong>relinquere</strong></span> <span class='ocrx_word' id='word_1_271' title='bbox 1211 3718 1469 3781; x_wconf 87' lang='lat' dir='ltr'><strong>videtur.</strong></span> <span class='ocrx_word' id='word_1_272' title='bbox 1513 3709 1520 3716; x_wconf 64' lang='grc'><strong>“</strong></span> <span class='ocrx_word' id='word_1_273' title='bbox 1559 3717 1687 3780; x_wconf 85' lang='lat' dir='ltr'><strong>Sed</strong></span> <span class='ocrx_word' id='word_1_274' title='bbox 1738 3719 2001 3799; x_wconf 88' lang='lat' dir='ltr'><strong>priorem</strong></span> <span class='ocrx_word' id='word_1_275' title='bbox 2057 3738 2266 3782; x_wconf 85' lang='lat' dir='ltr'><strong>eorum</strong></span> <span class='ocrx_word' id='word_1_276' title='bbox 2320 3723 2510 3793; x_wconf 82' lang='lat' dir='ltr'><strong>viam,</strong></span> <span class='ocrx_word' id='word_1_277' title='bbox 2578 3723 2679 3803; x_wconf 89' lang='lat' dir='ltr'><strong>qui</strong></span> <span class='ocrx_word' id='word_1_278' title='bbox 2722 3724 2789 3783; x_wconf 90' lang='lat' dir='ltr'><strong>in</strong></span> 
     </span>
     <span class='ocr_line' id='line_1_34' title="bbox 478 3824 2790 3909; baseline -0.001 -15"><span class='ocrx_word' id='word_1_279' title='bbox 478 3830 797 3894; x_wconf 86' lang='lat' dir='ltr'><strong>adversum</strong></span> <span class='ocrx_word' id='word_1_280' title='bbox 854 3835 1071 3890; x_wconf 83' lang='lat' dir='ltr'><strong>euntes</strong></span> <span class='ocrx_word' id='word_1_281' title='bbox 1132 3827 1318 3888; x_wconf 87' lang='lat' dir='ltr'><strong>etiam</strong></span> <span class='ocrx_word' id='word_1_282' title='bbox 1373 3824 1518 3909; x_wconf 82' lang='lat' dir='ltr'><strong>inde</strong></span> <span class='ocrx_word' id='word_1_283' title='bbox 1562 3842 1597 3887; x_wconf 88' lang='lat' dir='ltr'><strong>a</strong></span> <span class='ocrx_word' id='word_1_284' title='bbox 1641 3844 1695 3888; x_wconf 85' lang='lat' dir='ltr'><strong>v.</strong></span> <span class='ocrx_word' id='word_1_285' title='bbox 1745 3824 1829 3892; x_wconf 91' lang='grc'><strong>29</strong></span> <span class='ocrx_word' id='word_1_286' title='bbox 1877 3825 1953 3889; x_wconf 90' lang='lat' dir='ltr'><strong>de</strong></span> <span class='ocrx_word' id='word_1_287' title='bbox 2001 3824 2438 3909; x_wconf 67' lang='lat' dir='ltr'><strong>Hierosolymis</strong></span> <span class='ocrx_word' id='word_1_288' title='bbox 2485 3830 2790 3892; x_wconf 90' lang='lat' dir='ltr'><strong>Christum</strong></span> 
     </span>
     <span class='ocr_line' id='line_1_35' title="bbox 478 3932 2789 4019; baseline 0 -19"><span class='ocrx_word' id='word_1_289' title='bbox 478 3938 643 4019; x_wconf 89' lang='lat' dir='ltr'><strong>loqui</strong></span> <span class='ocrx_word' id='word_1_290' title='bbox 677 3941 1001 4010; x_wconf 81' lang='lat' dir='ltr'><strong>autumant,</strong></span> <span class='ocrx_word' id='word_1_291' title='bbox 1047 3935 1269 4015; x_wconf 88' lang='lat' dir='ltr'><strong>pariter</strong></span> <span class='ocrx_word' id='word_1_292' title='bbox 1295 3934 1357 3995; x_wconf 89' lang='lat' dir='ltr'><strong>in</strong></span> <span class='ocrx_word' id='word_1_293' title='bbox 1385 3932 1560 3997; x_wconf 84' lang='lat' dir='ltr'><strong>devia</strong></span> <span class='ocrx_word' id='word_1_294' title='bbox 1581 3932 1910 3997; x_wconf 83' lang='lat' dir='ltr'><strong>deflectere</strong></span> <span class='ocrx_word' id='word_1_295' title='bbox 1937 3933 2215 3998; x_wconf 81' lang='lat' dir='ltr'><strong>vidimus.</strong></span> <span class='ocrx_word' id='word_1_296' title='bbox 2288 3937 2496 4018; x_wconf 86' lang='lat' dir='ltr'><strong>ltaque</strong></span> <span class='ocrx_word' id='word_1_297' title='bbox 2541 3938 2789 4000; x_wconf 86' lang='lat' dir='ltr'><strong>historia</strong></span> 
     </span>
     <span class='ocr_line' id='line_1_36' title="bbox 477 4040 2786 4125; baseline 0.002 -18"><span class='ocrx_word' id='word_1_298' title='bbox 477 4046 986 4125; x_wconf 87' lang='lat' dir='ltr'><strong>interpretationis</strong></span> <span class='ocrx_word' id='word_1_299' title='bbox 1041 4043 1163 4104; x_wconf 92' lang='lat' dir='ltr'><strong>loci</strong></span> <span class='ocrx_word' id='word_1_300' title='bbox 1208 4043 1398 4104; x_wconf 89' lang='lat' dir='ltr'><strong>nostri</strong></span> <span class='ocrx_word' id='word_1_301' title='bbox 1443 4040 1851 4116; x_wconf 86' lang='lat' dir='ltr'><strong>demonstrat,</strong></span> <span class='ocrx_word' id='word_1_302' title='bbox 1923 4042 2087 4104; x_wconf 91' lang='lat' dir='ltr'><strong>hunc</strong></span> <span class='ocrx_word' id='word_1_303' title='bbox 2143 4042 2340 4123; x_wconf 92' lang='lat' dir='ltr'><strong>ipsum</strong></span> <span class='ocrx_word' id='word_1_304' title='bbox 2396 4062 2639 4107; x_wconf 83' lang='lat' dir='ltr'><strong>versum</strong></span> <span class='ocrx_word' id='word_1_305' title='bbox 2701 4044 2786 4112; x_wconf 87' lang='grc'><strong>29</strong></span> 
     </span>
     <span class='ocr_line' id='line_1_37' title="bbox 481 4145 2786 4233; baseline -0.002 -15"><span class='ocrx_word' id='word_1_306' title='bbox 481 4149 583 4218; x_wconf 76' lang='grc' dir='ltr'><strong>τὸν</strong></span> <span class='ocrx_word' id='word_1_307' title='bbox 609 4153 784 4216; x_wconf 77' lang='grc' dir='ltr'><strong><em>λίθον</em></strong></span> <span class='ocrx_word' id='word_1_308' title='bbox 809 4159 916 4217; x_wconf 77' lang='grc' dir='ltr'><strong>τοῦ</strong></span> <span class='ocrx_word' id='word_1_309' title='bbox 951 4145 1414 4233; x_wconf 76' lang='grc' dir='ltr'><strong><em>προσκόμματος</em></strong></span> <span class='ocrx_word' id='word_1_310' title='bbox 1449 4151 1535 4211; x_wconf 91' lang='lat' dir='ltr'><strong>ita</strong></span> <span class='ocrx_word' id='word_1_311' title='bbox 1561 4148 1783 4222; x_wconf 79' lang='lat' dir='ltr'><strong>fuisse,</strong></span> <span class='ocrx_word' id='word_1_312' title='bbox 1830 4155 1911 4221; x_wconf 91' lang='lat' dir='ltr'><strong>ut,</strong></span> <span class='ocrx_word' id='word_1_313' title='bbox 1961 4149 2058 4230; x_wconf 90' lang='lat' dir='ltr'><strong>qui</strong></span> <span class='ocrx_word' id='word_1_314' title='bbox 2089 4147 2353 4212; x_wconf 87' lang='lat' dir='ltr'><strong>scandali</strong></span> <span class='ocrx_word' id='word_1_315' title='bbox 2387 4156 2557 4213; x_wconf 61' lang='lat' dir='ltr'><strong>&#39;metu</strong></span> <span class='ocrx_word' id='word_1_316' title='bbox 2585 4153 2786 4215; x_wconf 90' lang='lat' dir='ltr'><strong>locum</strong></span> 
     </span>
     <span class='ocr_line' id='line_1_38' title="bbox 484 4239 2786 4344; baseline -0.002 -19"><span class='ocrx_word' id='word_1_317' title='bbox 484 4265 545 4326; x_wconf 86' lang='lat' dir='ltr'><strong>et</strong></span> <span class='ocrx_word' id='word_1_318' title='bbox 578 4258 815 4344; x_wconf 87' lang='lat' dir='ltr'><strong>pondus</strong></span> <span class='ocrx_word' id='word_1_319' title='bbox 854 4257 989 4339; x_wconf 87' lang='lat' dir='ltr'><strong>ejus</strong></span> <span class='ocrx_word' id='word_1_320' title='bbox 1027 4258 1339 4338; x_wconf 84' lang='lat' dir='ltr'><strong>negligere</strong></span> <span class='ocrx_word' id='word_1_321' title='bbox 1375 4239 1699 4329; x_wconf 80' lang='lat' dir='ltr'><strong>auderent,</strong></span> <span class='ocrx_word' id='word_1_322' title='bbox 1745 4255 2044 4337; x_wconf 79' lang='lat' dir='ltr'><strong>angularis</strong></span> <span class='ocrx_word' id='word_1_323' title='bbox 2080 4257 2295 4337; x_wconf 88' lang='lat' dir='ltr'><strong>lapidis</strong></span> <span class='ocrx_word' id='word_1_324' title='bbox 2324 4255 2614 4339; x_wconf 89' lang='lat' dir='ltr'><strong>dignitate</strong></span> <span class='ocrx_word' id='word_1_325' title='bbox 2647 4277 2786 4321; x_wconf 90' lang='lat' dir='ltr'><strong>eum</strong></span> 
     </span>
    </p>
   </div>
  </div>
 </body>
</html>
