2934 4797
1277 265 1352 331 11

132 459 313 515 vero,
346 441 618 515 eosdem,
642 449 959 523 postquam
977 442 1249 506 Christus
1273 442 1570 522 judicium
1600 444 1677 506 de
1698 444 2134 525 Hierosolymis
2162 443 2482 507 ferendum

135 549 578 623 manifestarat,
613 566 825 632 parum
854 557 1124 629 promtos
1153 551 1366 623 fuisse,
1399 559 1734 613 extremum
1755 550 2054 630 judicium
2091 552 2162 614 ab
2185 552 2303 613 hoc
2336 570 2483 633 quo·

142 674 268 738 que
301 656 540 736 judicio
574 657 926 720 discernere
959 664 1017 720 et
1038 660 1103 719 in
1123 665 1397 739 tempora
1419 660 1703 722 ulteriora
1725 658 1989 733 differre,
2014 659 2125 722 sed
2153 661 2485 722 inclinasse

138 763 223 826 ad
272 763 735 847 conjungendos
786 773 1042 829 eventus
1090 761 1397 847 utrosque,
1446 769 1534 829 uti
1574 784 1733 828 nunc
1773 756 1981 848 liquet,
2029 768 2213 847 longo
2250 774 2486 847 tempo-

138 871 230 935 ris
297 872 617 935 intervallo
681 872 993 935 distanteS.
1087 874 1503 936 Veruntamen
1559 872 1713 935 haec
1768 891 2010 954 quoque
2075 875 2280 954 opinio
2336 875 2487 936 mihi

142 996 225 1040 eo
271 977 512 1041 videtur
553 978 883 1053 reducere,
929 988 995 1043 ut
1037 980 1313 1042 faucibus
1358 978 1638 1042 Caudinis
1684 962 2084 1059 implicemur.
2172 981 2276 1042 Sic
2324 983 2489 1042 enim

143 1084 482 1148 fatendum·
518 1089 670 1159 erit,
736 1086 915 1165 longa
971 1087 1217 1168 quidem
1265 1088 1575 1151 Christum
1632 1089 1899 1150 oratione
1971 1089 2280 1168 apostolos
2340 1106 2486 1150 suos

147 1198 213 1254 et
244 1175 593 1254 ‘ecclesiam
632 1190 781 1275 (Mc.
827 1191 974 1265 xlll,
1022 1190 1128 1258 37.
1178 1193 1222 1257 οἵ
1265 1194 1327 1259 δὲ
1373 1193 1511 1273 ὑμῖν
1557 1194 1722 1276 λέγω,
1767 1202 1914 1259 πᾶσι
1959 1192 2126 1277 λέγω)
2177 1195 2253 1257 de
2300 1196 2487 1257 rebus

146 1302 439 1362 extremis
492 1302 760 1366 voluisse
823 1301 1125 1376 edocere,
1193 1301 1303 1364 sed
1357 1320 1490 1364 rem
1547 1319 1620 1364 ex
1662 1303 1818 1365 votis
1866 1303 1982 1382 ipsi
2026 1321 2152 1364 non
2199 1304 2489 1377 cessisse,

145 1407 216 1467 in
255 1390 509 1469 'cassum
558 1426 699 1469 eum
743 1407 1013 1471 locutum
1053 1426 1222 1481 esse,
1271 1427 1390 1470 nec
1435 1411 1633 1488 ipsam
1673 1409 1920 1489 spiritus
1951 1411 2148 1472 sancti
2194 1410 2493 1474 illumina-

147 1512 385 1576 tionem
452 1516 867 1594 cognitionem
939 1533 1150 1578 eorum
1208 1514 1609 1589 emendasse,
1674 1533 1795 1578 nec
1840 1519 2197 1580 memoriam
2255 1523 2487 1579 rectam

149 1624 306 1704 ipsis
351 1625 721 1686 restituisse.

329 1730 389 1792 ls
437 1730 600 1792 enim
646 1748 984 1793 consensus
1027 1732 1330 1809 reperitur
1366 1729 1525 1811 apud
1559 1729 1975 1812 Evangelistas
2012 1732 2375 1804 triumviroS‚
2417 1750 2489 1794 ea

153 1838 502 1909 harmonia,
551 1839 680 1903 sive
707 1840 1051 1918 respexeris
1089 1839 1425 1901 sententias
1457 1839 1583 1902 sive
1629 1839 1841 1912 verba,
1891 1839 2304 1920 orationisque
2350 1858 2488 1920 pro-

153 1963 455 2024 gressum,
501 1954 567 2007 ut
602 1946 674 2007 ab
714 1946 1000 2007 unanima
1027 1945 1451 2024 Apostolorum
1479 1943 1803 2007 traditione
1833 1945 1986 2006 haec
2014 1943 2276 2019 fluxisse,
2318 1945 2484 2025 juste

155 2054 359 2115 omnia
416 2053 780 2134 ponderanti
833 2053 1081 2115 minime
1137 2051 1385 2114 dubium
1440 2070 1583 2115 esse
1636 2054 1849 2132 possit.
1941 2051 2178 2127 Quodsi
2223 2053 2310 2116 illi
2354 2054 2484 2128 viri,

157 2161 259 2241 qui
289 2159 512 2222 Christi
549 2160 624 2222 ad
669 2178 862 2239 genus
889 2160 1223 2221 humanum
1268 2160 1451 2240 legati
1483 2165 1653 2220 erant
1680 2159 1891 2230 futuri,
1941 2165 2001 2221 et
2048 2161 2196 2221 citra
2225 2178 2482 2241 quorum

154 2266 681 2347 praedicationem
743 2268 1008 2346 genuina
1066 2265 1284 2328 Christi
1348 2265 1619 2327 doctrina
1679 2264 1755 2328 ad
1813 2283 1927 2326 nos
1984 2268 2306 2345 pervenire
2369 2286 2490 2329 non

156 2381 408 2456 poterat,
454 2392 637 2454 prave
672 2392 813 2436 eum
845 2375 1295 2446 intellexerunt,
1326 2371 1398 2436 ad
1429 2372 1733 2435 Christum
1761 2371 2125 2437 redundabit
2172 2380 2274 2437 aut
2303 2375 2492 2439 elect-

158 2484 317 2545 ionis
377 2482 807 2563 discipulorum
858 2502 981 2545 non
1034 2483 1200 2561 juste
1245 2490 1531 2563 peractae
1588 2488 1687 2544 aut
1743 2482 2135 2562 impotentiae
2198 2486 2490 2564 suspicio.

158 2592 309 2653 Nam
355 2610 493 2653 cum
537 2610 648 2672 per
674 2592 995 2670 Apostolos
1039 2590 1351 2653 Ecclesiae
1399 2607 1547 2650 suae
1575 2607 1779 2651 rerum
1827 2596 2228 2651 extremarum
2278 2594 2490 2671 cogni-

158 2699 387 2760 tionem
434 2698 881 2759 communicare
927 2698 1216 2768 voluerit,
1278 2696 1554 2776 Apostoli
1592 2702 1793 2757 autem
1838 2699 1944 2772 (ex
1989 2695 2308 2776 hypothesi
2352 2697 2485 2774 illa)

163 2823 284 2866 non
330 2803 513 2866 modo
569 2823 692 2866 non
739 2804 1179 2884 cognitionem,
1243 2801 1355 2865 sed
1403 2820 1642 2864 errores
1688 2799 2066 2874 tradiderint,
2133 2801 2313 2864 Jesus
2360 2806 2493 2883 ipse

161 2914 223 2973 in
278 2910 648 2974 aestimanda
700 2911 1130 2991 Apostolorum
1188 2907 1394 2970 indole
1455 2925 1696 2970 errasse
1761 2905 2057 2970 dicendus
2119 2915 2234 2970 est.
2317 2909 2498 2972 Dicet

164 3020 404 3101 aliquis:
452 3027 660 3092 „recte
690 3017 1034 3090 concludiS,
1083 3019 1136 3078 si
1181 3035 1283 3079 res
1314 3016 1805 3097 eschatologicae
1835 3018 1987 3078 tanti
2034 3024 2175 3078 sunt
2200 3015 2495 3096 ponderis

167 3135 230 3190 et
273 3128 535 3207 cognitio
575 3144 781 3188 earum
834 3132 960 3188 tam
1019 3126 1400 3196 necessaria,
1459 3130 1527 3185 ut
1572 3140 1941 3203 magnopere
2001 3121 2332 3185 dolendum
2397 3125 2494 3196 sit,

169 3233 327 3316 quod
387 3233 743 3295 insanabilis
805 3231 1238 3311 discipulorum
1301 3231 1448 3292 Jesu
1512 3248 1680 3291 error
1727 3247 1760 3291 a
1816 3247 1958 3291 vera
2018 3229 2096 3294 de
2151 3230 2246 3291 his
2308 3231 2494 3292 rebus

169 3342 433 3420 magistri
481 3341 752 3404 doctrina
798 3361 910 3404 nos
949 3341 1236 3412 seclusit,
1287 3356 1545 3419 eamque
1574 3338 1750 3399 nobis
1788 3338 2149 3419 intercepit3
2201 3336 2314 3400 sed
2344 3338 2497 3399 haec

173 3449 439 3512 doctrina
485 3468 609 3511 non
653 3451 804 3512 tanti
864 3455 960 3510 est
1017 3447 1339 3520 momenti3
1398 3444 1539 3507 ideo
1605 3463 1722 3505 nec
1776 3442 2045 3506 Christus
2101 3445 2181 3506 ita
2242 3446 2499 3507 multum

175 3560 440 3632 curabat,
488 3567 686 3622 utrum
729 3566 900 3620 recte
947 3575 1020 3619 an
1065 3573 1245 3637 prave
1293 3574 1328 3617 a
1364 3556 1491 3617 suis
1536 3554 2012 3631 intelligeretur;
2080 3553 2194 3616 sed
2247 3556 2497 3615 nonnisi

173 3666 578 3745 apostolorum
646 3668 947 3727 curiosam
1008 3661 1446 3744 impatientiam
1502 3660 1701 3723 verbis
1764 3657 1980 3721 sedare
2047 3659 2312 3733 volebat,
2374 3680 2496 3723 non

173 3783 375 3835 rerum
421 3773 826 3853 cognitionem
871 3770 1175 3843 allaturis,
1241 3767 1352 3829 sed
1401 3785 1614 3829 eorum
1657 3773 1898 3830 mentes
1946 3765 2265 3827 salubriter
2311 3785 2496 3829 occu-

175 3883 431 3962 paturis,
471 3880 652 3941 sicuti
686 3895 1011 3959 puerorum
1039 3872 1421 3937 incommoda
1449 3874 1763 3936 curiositas
1806 3873 2049 3953 reprimi
2092 3873 2250 3934 solet
2293 3876 2496 3936 verbis

176 4009 303 4053 rem
365 4007 489 4051 non
550 3986 959 4050 revelantibus
1035 3983 1147 4046 sed
1208 3981 1646 4062 interpretandi
1717 3979 1981 4043 studium
2050 3982 2495 4043 exercentibuS.

176 4098 421 4160 Errores
469 4094 906 4174 discipulorum
947 4090 1356 4173 praevidebat,
1403 4088 1517 4152 sed
1556 4087 2064 4170 parvipendebat
2099 4087 2163 4148 in
2208 4106 2274 4150 re
2319 4090 2497 4169 parva

179 4219 386 4284 parum
401 4237 411 4252 =
429 4204 810 4265 nocituros.“
1811 4259 1817 4264 .

196 4303 201 4314 ‘
350 4310 414 4372 Si
462 4312 596 4392 quis
655 4312 737 4373 ita
788 4326 922 4371 rem
971 4304 1251 4390 expedire
1311 4312 1587 4378 conatur,
1647 4303 1903 4367 otiosam
1957 4319 2104 4364 saue
2161 4301 2274 4364 sibi
2328 4300 2493 4366 finxit
