2934 4797
1415 250 1463 272 '²
1568 256 1654 328 74

453 454 596 500 vero
654 436 837 516 plane
889 438 1122 503 ratione
1177 437 1384 503 Matth.
1435 458 1678 523 quoque
1726 459 1868 504 sese
1914 441 2095 505 habet
2140 447 2203 507 et
2248 437 2516 504 Merene.
2605 438 2784 505 Vidi-

452 562 588 607 mus
635 547 822 620 enim,
884 547 1191 629 apostolos
1236 566 1290 612 r.
1335 546 1377 613 3
1423 553 1847 631 quaestionem
1884 557 2198 621 moventes
2243 551 2456 614 revera
2497 549 2632 631 spei
2677 547 2781 609 in-

429 649 737 737 .dulsisse‚
788 672 926 716 cum
953 654 1509 736 Hierosolymorum
1536 658 1782 721 interitu
1811 657 2029 743 Qhristi
2056 658 2355 737 perusiam
2384 654 2782 734 conjunctam

450 760 601 822 fore.
690 759 822 824 Jam
865 781 1030 836 vero,
1077 766 1133 826 si
1179 762 1455 828 Christus
1500 762 1707 829 Matth.
1755 783 1809 828 v.
1860 761 1947 831 34
1993 763 2072 827 dc
2118 769 2313 827 aetate
2358 765 2477 837 ills,
2525 782 2646 825 nou
2696 761 2780 826 de

452 875 643 950 gente,
678 867 1046 931 Iudaeorum
1082 870 1321 932 locutus
1360 875 1483 943 est,
1529 890 1708 936 versu
1749 866 1834 936 34
1879 871 2145 951 opinioni
2191 869 2622 951 discipulorum
2668 867 2796 931 ad-·

454 976 788 1056 stipulatur.
877 975 1003 1038 Sed
1036 994 1093 1040 ν.
1138 972 1361 1042 4-14
1405 983 1570 1041 totus
1616 979 1678 1040 in
1718 995 1794 1040 eo
1840 977 2070 1051 fuerat,
2137 984 2205 1040 ut
2269 994 2442 1056 spem
2500 978 2783 1058 ipsorum

451 1086 949 1164 procrastinaret3
1010 1091 1071 1147 et
1113 1091 1254 1165 post
1294 1105 1352 1151 v.
1401 1084 1489 1152 22
1532 1087 1573 1151 i.
1622 1105 1678 1151 e.
1725 1086 2276 1168 Hierosolymorum
2323 1083 2511 1148 finem
2556 1084 2782 1149 eadem

451 1191 706 1255 recurrit
756 1191 1118 1264 admonitio,
1181 1210 1260 1254 ne
1311 1193 1417 1256 illo
1474 1210 1717 1275 quoque
1774 1200 2050 1274 tempore
2114 1195 2376 1256 cautioni
2438 1192 2784 1256 anteferant
2833 1258 2844 1267 ,

456 1292 895 1363 desiderandae
941 1301 1222 1379 perusiae
1269 1317 1415 1364 suae
1454 1299 1868 1381 cupiditatem.
1942 1298 2124 1363 Aliud
2163 1305 2583 1381 argumentum
2611 1301 2782 1363 inest

465 1403 637 1468 Mtth.
703 1406 907 1468 versui
965 1403 1072 1483 29,
1137 1408 1190 1468 si
1247 1406 1705 1487 explicationem
1752 1425 1929 1488 supra
1993 1409 2363 1488 propositam
2430 1406 2776 1470 admiseris.

459 1510 780 1588 Quomodo
841 1512 1108 1596 denique
1162 1514 1434 1578 Christus
1489 1519 1624 1598 ipse
1679 1524 1800 1579 tam
1865 1524 2074 1597 aperte
2129 1517 2373 1595 sibimet
2428 1516 2561 1597 ipse
2618 1534 2772 1580 eou-

456 1620 739 1695 tradicet,
802 1629 870 1686 ut
925 1642 1048 1687 uno
1093 1626 1264 1706 quasi
1308 1625 1523 1705 spiritu
1566 1626 1866 1705 perusiam
1910 1642 2079 1687 suam
2123 1627 2289 1688 tanta
2333 1627 2476 1689 cura
2518 1642 2769 1706 procra-

453 1729 654 1803 stinet,
700 1748 756 1794 v.
803 1727 888 1796 34
932 1748 1140 1794 rursus
1185 1734 1337 1794 mire
1385 1734 1481 1795 ita·
1506 1733 1825 1806 acceleret,
1857 1740 1937 1797 ‘ut
1978 1714 2282 1813 Evangelii
2326 1734 2495 1813 operi
2541 1732 2621 1815 (v.
2657 1729 2769 1813 14)

450 1835 623 1898 locus
669 1855 793 1899 non
837 1838 1263 1921 relinquatur?
1329 1837 1509 1915 Quod
1548 1837 1793 1902 difficile
1829 1856 1976 1902 sane
2008 1847 2103 1903 est
2131 1837 2384 1914 creditu,
2433 1856 2570 1901 cum
2595 1857 2778 1920 pree-

453 1947 662 2008 sertim
709 1946 907 2008 statim
954 1945 1172 2020 addat,
1236 1945 1314 2028 (v.
1362 1946 1449 2014 36
1494 1944 1615 2011 Μο.
1656 1946 1785 2030 32.)
1844 1947 2007 2010 diem
2071 1947 2238 2010 illam
2295 1956 2358 2010 et
2401 1947 2610 2009 horam
2654 1947 2777 2009 sibi

387 2050 391 2055 ’
452 2066 576 2116 non
624 2068 767 2114 esse
811 2058 1037 2119 notam.
1131 2053 1252 2129 Qui
1298 2062 1419 2117 tam
1466 2056 2184 2136 ingenueiguorantiam
2231 2052 2573 2127 confitetur,
2623 2072 2780 2134 quo·

449 2158 633 2222 modo
675 2165 910 2223 temere
948 2162 1247 2224 scientiae
1293 2163 1565 2242 speciem
1609 2181 1667 2227 v·
1707 2158 1793 2227 34
1839 2178 2083 2225 movere
2128 2167 2401 2242 poterat,
2449 2178 2630 2243 quam
2675 2179 2778 2223 er·

450 2284 651 2328 rorem
700 2270 901 2348 potius
958 2286 1098 2332 esse
1158 2277 1295 2351 post
1339 2270 1579 2349 triginta
1629 2275 1752 2332 aut·
1790 2269 2174 2351 quadraginta
2229 2287 2422 2333 annos
2477 2287 2776 2351 apparere

452 2373 766 2439 debebat?
848 2376 941 2440 An
990 2377 1262 2442 Christus
1309 2394 1492 2441 unam
1543 2384 1769 2441 tantam
1829 2381 2092 2443 aetatem
2146 2376 2331 2442 fidem
2387 2374 2775 2443 sibi‘hahere

457 2550 557 2603 sibi
594 2549 872 2607 videntur?
933 2553 1040 2606 Sed
1084 2554 1196 2619 fac,
1246 2552 1464 2606 fuerint.
1488 2556 1727 2610 auctores
1763 2553 2163 2620 Evangeliorum
2207 2554 2310 2608 viri
2357 2554 2466 2606 veri
2513 2559 2782 2626 amantes3

423 2642 759 2709 accipiamus
798 2627 994 2696 utiliter
1028 2643 1410 2696 confessionem
1448 2639 1770 2695 adversariis
1810 2658 1938 2696 saue
1976 2643 2365 2696 incommodam:
2400 2637 2646 2713 quomodo
2677 2663 2779 2712 po-

452 2736 660 2785 tuerunt
681 2730 888 2783 Christo
913 2732 1061 2784 fldem
1091 2729 1297 2797 hahere,
1326 2731 1376 2783 si
1396 2746 1573 2783 vocem
1598 2726 1801 2801 γενεὰν
1828 2728 1901 2783 ita
1919 2730 2298 2801 intellexerunt,
2320 2737 2376 2784 ut
2395 2732 2606 2786 Christo
2629 2735 2782 2787 fldem

454 2837 556 2874 non
585 2836 710 2874 esse
736 2821 1015 2875 hahendam
1043 2819 1310 2876 eluceret?
1346 2822 1656 2874 Straussius
1690 2821 1845 2873 nimis
1867 2822 2017 2874 avide
2052 2807 2237 2890 duplici
2272 2820 2424 2890 virga
2440 2823 2782 2890 Evangelia-r

454 2911 668 2964 caedere
687 2916 895 2968 tuumne
916 2907 1132 2966 alteram
1169 2928 1345 2965 earum
1381 2912 1588 2966 sibimet
1621 2911 1725 2978 ipsi
1761 2912 2040 2979 colligavit.
2077 2913 2138 2965 Si
2174 2912 2428 2965 institerit
2462 2914 2580 2967 voci
2611 2907 2781 2984 γενεᾷ

456 3013 620 3052 seusu
666 3001 854 3053 aetatis
898 3002 1353 3069 interpretandae,
1402 3001 1449 3053 ei
1490 3005 1605 3053 aut
1638 3000 2068 3070 dicendum-erit,
2118 3000 2389 3067 evangelia
2431 3006 2616 3057 nostra
2651 3018 2783 3055 con-

457 3085 654 3155 scripta
697 3103 822 3141 esse
868 3105 929 3142 eo
976 3095 1233 3157 tempore,
1284 3101 1379 3158 quo
1431 3089 1693 3141 Christum
1739 3085 1911 3141 eadem
1958 3093 2129 3140 aetate
2178 3089 2455 3162 rediturum
2501 3090 2786 3143 etiamtunc

459 3176 665 3244 sperari
702 3182 900 3244 posset,
937 3175 974 3231 i.
1012 3167 1059 3230 c'.
1099 3157 1215 3230 autc
1234 3177 1715 3246 Hierosolymorum
1751 3178 1901 3229 finem
1914 3194 1933 3244 3
1973 3179 2026 3229 et
2060 3177 2141 3229 sic
2163 3177 2279 3229 fidei
2304 3192 2477 3253 eorum
2495 3178 2783 3231 historicae

455 3268 583 3319 hene
620 3281 750 3319 saue
786 3267 1070 3319 consultum
1090 3265 1275 3335 ltorct3
1315 3271 1422 3319 aut
1456 3266 1830 3333 Evangelistas
1866 3264 2018 3331 longo
2051 3259 2248 3334 quidem
2277 3270 2395 3332 post
2412 3266 2785 3336 Hierosolyma

456 3356 628 3408 diruta
662 3361 895 3423 tempora
929 3356 1249 3425 scripsisse,
1300 3357 1397 3409 sed
1441 3361 1546 3407 tam
1582 3355 1730 3410 anxie
1755 3371 1856 3407 eos
1896 3354 2072 3427 verbis
2109 3354 2311 3408 Christi
2345 3355 2678 3423 inhaesisse,
2727 3362 2784 3412 ut

460 3444 614 3502 ctiam
666 3445 748 3500 sic
791 3446 987 3500 habeas
1030 3446 1336 3499 laudabilem
1381 3460 1515 3498 seue
1554 3445 1702 3502 fldem
1739 3444 2056 3500 historicam.
2129 3443 2324 3507 Quibus
2361 3444 2621 3510 ant-suis
2657 3460 2782 3497 sese
2889 3437 2890 3482 ἒ

455 3535 714 3589 irretitum
767 3536 1001 3589 sentiens
1039 3536 1342 3590 Straussius
1389 3535 1518 3588 mire
1562 3535 1662 3588 huc
1710 3534 1834 3587 illuc
1883 3550 2007 3588 sese
2054 3539 2233 3587 versat
2283 3537 2335 3587 et
2368 3538 2573 3603 torquet
2606 3533 2691 3599 (Ιι.
2729 3534 2781 3588 J.

458 3626 541 3679 ed.
581 3626 629 3678 1.
659 3624 727 3692 11,
753 3624 854 3677 365
893 3623 1027 3693 sqq.)
1063 3625 1278 3694 denique
1314 3624 1385 3676 nil
1422 3623 1718 3692 reperiens,
1756 3625 1884 3691 quod
1920 3626 2089 3691 ponat,
2123 3622 2229 3675 nisi
2267 3624 2425 3675 verba
2459 3622 2779 3675 confusionis

455 3712 623 3782 plena.
696 3712 934 3764 Editione
969 3710 1123 3774 tertia
1159 3712 1328 3765 satius
1357 3712 1512 3776 duxit,
1550 3713 1611 3763 de
1646 3710 1745 3764 hac
1779 3727 1838 3763 re
1871 3715 2122 3778 tacere,
2160 3711 2226 3764 cl’.
2263 3712 2340 3763 ed.
2382 3711 2429 3764 1.
2465 3711 2529 3763 ¹1⁸.
2551 3709 2619 3778 11,
2656 3710 2778 3763 365.
2887 3711 2888 3724 ’

458 3817 571 3855 cum
609 3801 687 3854 ed.
725 3801 775 3854 3.
813 3802 876 3854 T.
914 3803 982 3869 11,
1022 3799 1152 3866 3903
1200 3802 1329 3870 quod
1365 3815 1495 3852 sanc
1532 3799 1714 3876 mirum
1750 3800 1984 3866 videtur,
2033 3798 2307 3868 praecipue
2344 3799 2474 3869 quod
2509 3801 2563 3853 iu
2599 3795 2780 3853 nesti-fi

459 3891 691 3944 sectione
734 3889 939 3942 elatiori
989 3905 1114 3942 voce
1158 3889 1369 3957 loquens
1422 3892 1474 3939 et
1517 3887 1758 3954 triumphi
1805 3883 1973 3958 plena,
2019 3885 2276 3940 mulierem
2314 3903 2438 3939 vero
2472 3887 2510 3940 i.
2547 3904 2592 3940 e.
2629 3887 2777 3940 fidem

459 3978 796 4032 christianam
830 3983 1002 4030 tacere
1029 3977 1221 4041 ,iubens
1257 3977 1308 4027 in
1346 3971 1604 4042 Ecclesia,
1641 3991 1738 4029 uec
1770 3975 2105 4027 silentium
2140 3973 2255 4042 ipse
2289 3975 2518 4043 polliceri
2544 3976 2777 4029 videatur

350 4123 361 4134 .
460 4069 524 4122 de
558 4069 715 4120 rebus
748 4066 888 4118 haud
923 4081 1050 4119 sane
1088 4064 1290 4134 exiguis
1329 4080 1607 4133 quanquam
1643 4064 1747 4131 ipsi
1783 4063 2043 4131 molestis,
2080 4077 2176 4117 uec
2210 4063 2427 4132 verba,
2482 4064 2580 4116 sed
2598 4064 2778 4133 dispu-

458 4158 709 4210 tationem*
736 4172 830 4224 per
864 4153 1165 4221 argumenta
1196 4154 1624 4221 progredientem.
1698 4153 1899 4223 Duplici
1945 4169 2075 4206 saue
2120 4153 2499 4207 circumventus
2546 4154 2775 4208 cuniculo

461 4247 646 4301 exitum
682 4261 831 4300 unum
885 4245 1065 4310 habet,
1114 4239 1441 4297 retractando
1489 4261 1668 4314 nempe
1713 4243 2000 4316 opinionem
2048 4242 2321 4298 temerari-i
2364 4244 2638 4314 cupiditate
2679 4259 2777 4299 su-

374 4346 381 4358 ·
459 4342 690 4408 sceptam
707 4375 724 4408 ,
763 4351 939 4391 vocem
976 4330 1179 4405 γενεὰν
1212 4338 1396 4390 uestro
1430 4336 1544 4391 loco
1581 4335 1880 4404 significare
1914 4339 2149 4396 aetatu.
