2934 4797
1577 243 1660 310 10

445 421 583 483 finis
628 422 1012 503 prophetiae,
1080 424 1388 503 satiusque
1447 440 1587 484 eum
1645 423 1888 486 duxisse
1948 422 2232 496 credam,
2292 431 2536 497 tacere,
2597 442 2802 505 quam

448 530 720 608 speciem
782 547 1061 601 movere,
1138 547 1206 590 se
1279 530 1554 593 altiorem
1623 550 1827 594 rerum
1893 538 2293 595 extremarum
2367 533 2803 613 cognitionem

451 636 696 710 habere,
742 639 1105 717 praesertim
1143 655 1328 717 quum
1376 646 1638 701 eventus
1670 641 1759 702 illi
1797 641 2041 719 singuli,
2088 660 2121 703 a
2164 657 2321 703 nexu
2353 639 2537 703 ideali
2582 646 2646 703 et
2691 646 2805 702 te-

445 743 748 824 leologico
796 744 1001 817 avulsi,
1051 761 1084 805 a
1133 744 1269 805 loco
1318 762 1428 806 suo
1470 749 1756 826 organico
1796 746 2031 828 depulsi
2067 748 2378 826 religionis
2417 754 2479 809 et
2510 747 2801 809 veritatis

443 869 654 932 parurn
697 852 952 926 habere,
1001 852 1274 935 caliginis
1324 860 1386 915 et
1432 857 1653 917 erroris
1700 856 1952 918 multum
2000 857 2160 917 ciere
2206 870 2391 935 posse
2438 853 2802 920 videantur.

446 958 655 1039 ltaque
716 961 769 1021 si
819 959 1051 1022 Christo
1107 977 1228 1020 non
1284 961 1563 1039 μαντείαν
1621 960 1732 1023 sed
1777 962 2153 1042 prophetiam
2200 960 2621 1042 adscripseris,
2690 961 2804 1022 vix

444 1066 551 1128 tibi
591 1064 1017 1145 persuadebis,
1069 1083 1238 1139 eum,
1288 1069 1391 1147 qui
1437 1059 1761 1131 nesciverit
1798 1068 1960 1130 diem
2003 1075 2064 1132 et
2099 1069 2311 1131 horam
2345 1066 2582 1147 judicii,
2632 1086 2801 1130 nes-

451 1174 670 1236 civisse
718 1173 936 1244 etiam,
998 1190 1117 1253 quo
1156 1173 1389 1252 singula
1443 1175 1854 1254 pertinerent,
1916 1193 2073 1256 quae
2123 1174 2434 1255 discipulis
2481 1177 2610 1236 suis
2654 1182 2799 1236 tra-

448 1278 642 1342 denda
684 1281 933 1358 putavit.
1007 1279 1075 1340 Si
1111 1280 1456 1352 nesciebat,
1504 1278 1707 1360 μάντις
1743 1281 1953 1344 forsan
2000 1287 2156 1354 erat,
2206 1282 2479 1361 cognitas
2516 1280 2797 1344 habebat

442 1404 544 1448 res
582 1386 859 1466 pusillas,
914 1403 969 1448 e.
1000 1403 1056 1464 g.
1087 1392 1286 1448 terrae
1317 1393 1515 1449 motus
1547 1394 1687 1460 etc„
1734 1387 2048 1452 nesciebat
2080 1405 2330 1468 magna,
2377 1390 2415 1450 i.
2461 1406 2516 1449 e.
2548 1406 2793 1451 nexum

447 1493 821 1573 singulorum
867 1498 1191 1554 eventuum
1234 1510 1371 1554 cum
1417 1494 1655 1555 interna
1699 1496 1875 1574 regni
1920 1495 2015 1556 sui
2060 1494 2267 1556 indole
2313 1494 2785 1574 teleologicum.

444 1600 549 1663 Sin
582 1605 835 1663 eventus
865 1599 1134 1673 sciebat,
1184 1599 1459 1662 ordinem
1487 1619 1690 1662 rerum
1719 1602 2067 1674 nesciebat,
2117 1601 2231 1664 sed
2276 1604 2525 1663 nonnisi
2568 1600 2647 1664 de
2700 1620 2787 1665 eo

448 1706 745 1789 quaedam
791 1706 1194 1786 conjiciebat3
1240 1727 1364 1770 non
1400 1710 1594 1789 potuit
1630 1709 1784 1771 sine
1826 1717 2132 1790 peccato
2164 1710 2439 1772 ordinem
2470 1712 2780 1772 incertum

441 1814 708 1878 vendere
755 1833 861 1894 pro
909 1816 1248 1877 certissimo
1272 1863 1290 1889 ,
1337 1814 1753 1894 conjecturam
1797 1835 1906 1896 pro
1951 1818 2270 1898 prophetia
2317 1818 2399 1900 (e.
2448 1837 2506 1897 g.
2550 1836 2610 1882 v,
2661 1815 2776 1882 29.

443 1924 540 1986 cll.
593 1920 723 2004 35).
817 1922 1085 1995 RursuS,
1151 1924 1203 1985 si
1253 1924 1525 1986 Christus
1574 1942 1680 1998 ea,
1747 1941 1899 2005 quae
1962 1941 2072 1986 suo
2129 1925 2265 1987 loco
2332 1928 2532 2005 posita
2595 1942 2781 1986 suam

441 2030 668 2094 habent
711 2032 1177 2104 necessitatem,
1247 2050 1422 2093 suum
1470 2026 1760 2105 sensum,
1824 2032 1941 2094 alio
1994 2031 2133 2094 loco
2179 2034 2374 2113 posita
2420 2032 2661 2096 videbat
2713 2038 2780 2094 et

445 2136 855 2209 edisserebat,
913 2135 1040 2215 jam
1090 2136 1169 2199 ad
1222 2138 1524 2200 alteram
1578 2139 1930 2218 opinionem
1987 2144 2344 2229 perventum
2409 2146 2538 2202 est:
2601 2140 2645 2201 i.
2714 2155 2774 2199 e.

445 2244 715 2306 Christus
762 2244 892 2322 ipse
941 2243 1012 2304 ab
1065 2244 1283 2305 erroris
1341 2251 1401 2306 et
1453 2244 1780 2325 falsiloquii
1826 2244 1961 2306 labe
2007 2245 2099 2307 vix
2140 2245 2590 2311 immunis-crit.
2627 2262 2780 2317 cen-⁵

444 2349 697 2414 sendus.
807 2348 933 2412 Sed
995 2368 1112 2432 quo
1174 2349 1420 2431 majori,
1488 2353 1748 2433 privatus
1811 2351 2019 2433 utique
2083 2351 2446 2416 certitudine
2487 2354 2777 2427 interna,r

446 2477 715 2520 errorem
761 2464 964 2521 tuetur
1011 2466 1071 2521 et
1118 2467 1406 2541 propagat
1450 2458 1729 2522 firmitate
1780 2468 1842 2523 et
1886 2460 2253 2523 securitate:
2315 2480 2391 2523 eo
2439 2463 2630 2542 magis
2676 2463 2772 2522 in-

434 2563 633 2644 juriae
674 2566 785 2627 erit
821 2564 1202 2627 accusandus
1243 2573 1305 2628 et
1340 2566 1495 2628 laesi
1531 2568 1801 2629 veritatis
1839 2583 2064 2627 sensus
2091 2567 2336 2629 interni.
2430 2568 2773 2631 Nonnullos

441 2674 599 2737 viros
645 2673 788 2734 huic
836 2675 1101 2753 opinioni
1146 2672 1417 2736 addictos
1466 2673 1849 2737 Schottius
1896 2675 2163 2735 nominat
2209 2675 2273 2756 (l.
2328 2693 2384 2736 c.
2418 2695 2478 2756 p.
2518 2673 2603 2742 94
2638 2681 2767 2739 not.

443 2780 524 2847 37
565 2798 619 2843 c.
659 2800 716 2861 g.
757 2780 1192 2855 HartmannoS,
1239 2779 1503 2854 KeilioS,
1549 2780 2154 2857 Brctschncideros.);
2203 2780 2584 2864 eandemque
2630 2791 2772 2863 post

442 2888 811 2951 Straussium
866 2889 995 2951 aliis
1053 2908 1292 2970 quoque
1348 2889 1595 2970 placere
1653 2896 1888 2951 constat
1934 2887 2036 2971 (cf.
2084 2888 2200 2952 Str.
2251 2889 2460 2953 Leben
2507 2891 2655 2954 Jesu
2700 2891 2766 2965 2,

443 2992 570 3060 367
620 3012 711 3075 sq.
765 2992 858 3058 ed.
908 2993 995 3078 3).
1073 2994 1197 3058 Sed
1245 2997 1298 3057 si
1340 2997 1465 3058 tale
1514 2995 1659 3076 quid
1705 3003 1873 3058 essct
1928 2996 2344 3069 statuendum,
2408 3004 2528 3059 tota
2572 3016 2767 3079 quae-

442 3103 556 3163 stio
605 3101 1046 3183 eschatologica
1093 3105 1158 3163 in
1186 3101 1636 3182 Theologorum
1683 3103 1910 3165 scholis
1960 3120 2132 3165 cassa
2175 3103 2357 3176 foret,
2407 3111 2469 3167 et
2497 3112 2767 3169 cessaret

442 3207 767 3270 absurdum
813 3208 937 3286 jam
994 3210 1231 3271 scilieet
1283 3207 1582 3270 nodorum
1637 3209 2063 3273 solvendorum
2111 3208 2410 3283 studium;
2468 3211 2762 3290 religione

444 3317 609 3376 enim
656 3315 976 3404 christiana
1022 3323 1307 3378 cessante
1355 3315 1611 3379 absurda
1657 3334 1804 3380 sane
1854 3323 2019 3379 esset
2059 3315 2391 3398 Theologia
2435 3317 2762 3380 christiana

445 3429 780 3503 superstes,

620 3528 858 3593 Meliori
893 3533 990 3594 via
1025 3532 1068 3593 ii
1096 3530 1376 3595 videntur
1402 3529 1713 3603 incedere,
1763 3534 1865 3613 qui
1896 3531 2196 3594 Christum
2223 3533 2525 3595 internum
2561 3511 2762 3594 rerum

442 3638 721 3700 ordinem
774 3647 873 3702 aut
921 3641 1204 3713 scivisse,
1257 3645 1359 3701 aut
1404 3648 1570 3702 certe
1621 3658 1742 3701 non
1788 3642 2220 3720 permiscuisse
2264 3649 2325 3704 et
2373 3642 2760 3721 perturbasse

439 3752 667 3827 putant,
708 3745 819 3807 sed
859 3747 957 3828 qui
988 3746 1392 3828 discipulos
1425 3746 1560 3825 ejus
1589 3749 1769 3810 verba
1800 3748 2018 3809 Christi
2054 3766 2265 3828 parum
2294 3749 2668 3811 intellexisse
2696 3754 2762 3811 et

443 3851 791 3915 confudisse
831 3855 1233 3933 suspicantur.
1299 3852 1432 3914 Non
1469 3851 1704 3914 inficias
1746 3872 1845 3925 eo,
1884 3853 2012 3915 veri
2054 3852 2308 3934 quadam
2351 3856 2556 3935 specie
2600 3854 2758 3918 hanc

443 3958 794 4037 opinionem
823 3959 1052 4022 amiciri
1078 3978 1280 4039 posse.
1327 3958 1561 4040 Reputa
1592 3960 1905 4048 ardentem
1931 3963 2204 4040 perusiae
2228 3962 2756 4042 exspectationem,

443 4067 676 4131 animos
706 4067 1138 4148 discipulorum
1164 4069 1373 4132 iterato
1394 4068 1637 4130 Domini
1663 4070 1760 4129 sui
1789 4068 2067 4132 adventui
2089 4069 2258 4151 quasi
2277 4070 2583 4133 inhiantes
2610 4068 2753 4134 Luc.

439 4173 585 4249 XIX,
620 4175 721 4239 11.
769 4175 843 4238 Et
887 4194 1069 4257 quum
1115 4194 1334 4257 magno
1379 4195 1487 4239 eos
1532 4174 1741 4237 dolore
1792 4176 2062 4240 afficeret
2100 4196 2211 4259 per
2248 4177 2469 4240 Christi
2503 4186 2752 4240 mortem

440 4284 606 4347 illata
632 4286 989 4360 necessitas,
1028 4283 1555 4369 procrastinandae
1577 4285 1712 4365 spei
1732 4288 2099 4360 messianae;
2129 4285 2286 4350 haud
2312 4287 2393 4350 ita
2422 4287 2693 4349 abhorret
2717 4303 2750 4348 a
