2934 4797
1583 269 1670 338 52

1337 516 1418 599 Ο)
1478 538 1533 584 v.
1596 517 1904 588 29-36,

638 642 719 729 Ο)
767 645 1012 713 Certum
1056 645 1232 728 igitur
1280 654 1403 720 est,
1451 646 1564 709 hac
1612 646 1884 710 secunde
1928 652 2100 726 parte
2135 664 2189 710 v.
2234 644 2490 714 15—-36
2527 646 2603 709 de
2634 664 2796 728 gen-

464 759 624 820 tibus
652 755 902 836 reliquis
940 740 1176 835 qnoque
1209 760 1269 816 et
1294 756 1578 836 paganis,
1625 773 1750 815 non
1788 751 1863 817 de
1900 751 2154 817 «ludaeis
2201 754 2399 816 solum
2442 755 2557 834 agi.
2606 753 2793 829 Quae

463 864 827 944 exspectatio
866 863 1059 943 ,plane
1121 860 1534 935 confirmatur,
1601 862 1653 922 si
1711 861 2048 941 inspexeris
2093 859 2303 924 Matth.
2352 881 2408 926 v.
2458 861 2542 928 30
2574 869 2800 926 -πᾶσαι

461 970 535 1036 αἶ
569 972 749 1055 φυλαὶ
792 979 893 1053 τῆς
937 979 1053 1053 γῆς,
1097 969 1244 1034 Luc.
1275 967 1379 1037 24.
1429 970 1622 1055 καιροὶ
1667 969 1874 1043 ἐθνῶν,
1923 966 2029 1035 25.
2078 965 2291 1057 συνοχὴ
2328 969 2538 1036 ἐθνῶν.
2582 971 2795 1034 Etiam

459 1131 642 1179 xantes
682 1132 732 1178 et
767 1124 1059 1177 haereticos
1097 1140 1190 1190 per
1225 1127 1383 1175 totam
1417 1120 1700 1173 sectionem
1733 1121 1936 1173 15--129
1968 1122 2109 1176 videt
2134 1124 2386 1177 indIcatos
2416 1125 2509 1190 (cf.
2538 1124 2792 1175 Ambros.

348 1244 353 1251 ·
456 1217 491 1268 l.
531 1233 574 1268 ο.
610 1234 658 1283 p.
698 1215 818 1267 204.
874 1213 1166 1266 Hilarius
1202 1213 1238 1264 l.
1276 1229 1320 1264 c.
1359 1228 1402 1265 c.
1441 1211 1552 1277 26).
1627 1212 1730 1263 Sed
1766 1196 1999 1265 melioris
2037 1224 2229 1282 quoque
2264 1217 2418 1265 notae
2462 1212 2788 1280 interpretes

459 1309 649 1357 statum
683 1302 1379 1370 intermedium-anquirunt3
1424 1317 1572 1369 quem
1608 1301 2118 1368 chrysostomus
2155 1301 2401 1354 versibus
2438 1301 2650 1354 23—24
2685 1317 2792 1354 re-

457 1394 661 1461 perisse
698 1392 798 1444 sibi
837 1391 1038 1461 videtur
1076 1391 1166 1456 (cf.
1203 1395 1307 1442 not.
1346 1388 1440 1456 9.),
1480 1405 1639 1441 versu
1676 1388 1742 1441 29
1782 1395 1949 1442 antem
1985 1406 2096 1442 cum
2132 1372 2383 1442 Basilio
2418 1392 2569 1442 linem
2604 1389 2790 1443 mnndi

458 1484 611 1551 videt,
650 1495 927 1550 quanquam
964 1478 1225 1543 incertae,
1275 1482 1440 1529 utrum
1480 1477 1597 1528 inde
1636 1494 1667 1528 a
1703 1495 1751 1529 v.
1789 1477 1857 1529 29
1894 1478 2014 1529 fluis
2053 1478 2221 1530 mundi
2258 1477 2427 1530 subito
2465 1477 2662 1545 irruat,
2717 1496 2788 1530 an

461 1574 545 1625 hic
582 1588 774 1642 quoque
810 1569 1114 1639 pedetentim
1153 1568 1542 1636 appropinquet:
1597 1573 1806 1636 utraque
1844 1569 1977 1620 euim
2015 1566 2339 1635 Μικίψα.
2378 1570 2530 1621 Cord.
2568 1586 2616 1636 p.
2656 1568 2787 1637 323,

459 1664 571 1714 Cat.
612 1662 823 1715 Nicetae
859 1679 907 1729 p.
949 1661 1066 1711 720.
1105 1659 1268 1724 721.).
1341 1659 1446 1711 Sed
1482 1658 1534 1708 1ιί
1574 1663 1764 1709 statum
1798 1658 2153 1710 intermedium
2191 1672 2291 1710 non
2325 1654 2518 1712 idcirco
2565 1658 2788 1727 qnaesi-

460 1760 672 1815 vernnt,
729 1756 783 1802 nt
814 1749 1103 1801 satisfieret
1138 1746 1314 1798 versni
1355 1745 1421 1797 14
1458 1750 1512 1797 et
1546 1747 1870 1811 Paganorum
1906 1747 2100 1814 saluti3
2152 1745 2247 1800 toti
2286 1746 2417 1799 enim
2454 1747 2572 1801 hnic
2607 1747 2785 1800 inter-

455 1839 592 1893 vallo
643 1841 714 1892 nil
760 1839 1050 1907 relinquunt
1080 1836 1190 1888 nisi
1227 1834 1523 1888 vaticinium
1560 1850 1789 1888 errorum
1828 1842 1880 1888 et
1915 1835 2268 1895 afflictionum.
2341 1837 2479 1890 Vere
2516 1853 2647 1890 saue
2681 1838 2783 1907 illi,

455 1928 505 1980 si
544 1935 658 1980 ante
693 1938 903 1979 versum
941 1927 1009 1978 28
1042 1908 1366 1976 intervallum
1396 1919 1520 1975 illud
1553 1924 1776 1989 positive
1796 1925 2022 1978 describi
2051 1926 2251 1994 dicitur,
2287 1927 2418 1995 quod
2442 1927 2629 1984 falsum
2650 1930 2782 1980 esse

457 2033 615 2084 supra
633 2021 899 2068 ostensum
921 2018 1020 2065 est.
1060 2015 1226 2076 Quare
1262 2013 1415 2079 longe
1451 2013 1777 2079 pr'aeferendi
1816 2018 1937 2065 sunt
1974 2013 2310 2084 Origenes,
2349 2015 2779 2084 Augustinus,

453 2104 928 2172 Tertullianus,
967 2103 1047 2171 qui
1086 2103 1399 2154 incrementa
1436 2118 1630 2170 quoque
1665 2103 1817 2169 regni
1854 2102 2083 2169 Christi,
2109 2120 2217 2155 non
2255 2105 2420 2156 solum
2459 2104 2778 2157 afflictiones

452 2200 503 2246 et
537 2193 844 2247 detrimenta.
875 2192 1138 2259 reperiunt
1181 2192 1406 2242 indicata
1441 2196 1494 2241 et
1529 2191 1830 2242 mentionem
1866 2190 2206 2244 Ethnicornm
2253 2207 2349 2245 nec
2385 2194 2574 2245 abesse
2609 2209 2776 2260 posse

449 2301 544 2337 nec
593 2285 782 2336 abesse
833 2284 1021 2335 vident.
1095 2281 1349 2347 Origenes
1403 2281 1555 2332 multo
1609 2281 1808 2348 magis,
1866 2297 2011 2348 qnam
2048 2281 2357 2334 Ambrosius
2408 2283 2670 2350 ceteroqui
2719 2282 2777 2335 in

448 2368 628 2428 uost’ro
665 2373 831 2443 capite
868 2370 1503 2439 eins'imitator,.versus
1542 2369 1609 2423 14
1645 2371 1843 2437 pondus
1881 2370 2079 2439 sensit,
2115 2387 2210 2425 nee
2238 2387 2330 2424 eos
2364 2389 2396 2424 a
2421 2371 2634 2426 Christo
2673 2389 2779 2427 ne-

450 2464 576 2532 gligi
602 2464 836 2532 potuisse
860 2462 1122 2529 intelligit.
1163 2462 1265 2513 Sed
1303 2461 1523 2513 omnium
1559 2462 1712 2527 longe
1750 2462 2000 2514 acerrime
2037 2463 2126 2529 (ue
2145 2463 2535 2517 Reformatores
2573 2464 2777 2533 quidem

450 2551 668 2619 excipio)
707 2552 1033 2618 Augustinus
1071 2551 1122 2601 in
1158 2551 1253 2615 Ep.
1294 2565 1452 2616 supra
1488 2545 1698 2600 laudaui.
1734 2549 1898 2615 legem
1936 2550 2077 2601 illam
2114 2551 2391 2618 Evangelii
2427 2553 2681 2619 nativam,
2720 2571 2772 2607 v.

396 2668 401 2677 ·
451 2642 517 2693 14
555 2640 875 2709 propositam
911 2638 1188 2706 perspexit.
1227 2637 1271 2690 c.
1309 2636 1428 2689 XII.
1470 2640 1519 2703 5.
1558 2637 1624 2689 46
1664 2637 1772 2692 ait:
1827 2636 2057 2705 „Nescio
2071 2676 2087 2706 ,
2138 2643 2306 2691 utrum
2349 2640 2537 2692 intueri
2582 2641 2776 2710 aliquid

447 2731 638 2783 certius
677 2731 729 2783 in
766 2731 862 2782 hac
898 2729 1197 2797 quaestione
1236 2729 1335 2794 (se.
1367 2728 1427 2778 de
1458 2726 1702 2793 perusiae
1722 2726 1973 2793 tempore)
2008 2743 2305 2795 possemus,
2342 2729 2392 2781 si
2428 2731 2534 2782 nlla
2569 2733 2774 2785 ratione

450 2836 544 2873 sen
580 2819 824 2872 facultate
862 2833 1166 2885 possemus,
1218 2832 1365 2885 qnam
1409 2815 1535 2868 illud
1570 2843 1641 2854 -
1677 2816 1872 2883 quando
1909 2816 2449 2882 Evangeliomundns
2487 2820 2771 2874 universus

443 2912 715 2979 repleatur.
790 2911 840 2975 s.
892 2909 990 2962 47:
1043 2909 1206 2976 Atque
1242 2907 1316 2959 ito
1351 2906 1534 2974 (zeph.
1574 2906 1764 2971 2‚.11)
1815 2911 1870 2957 et
1904 2905 1956 2960 in
1996 2908 2186 2960 insulis
2224 2907 2450 2976 singulis
2487 2909 2770 2980 quibusque

445 3002 679 3067 impletur
713 3000 843 3069 quod
879 3000 1066 3052 dictum
1103 3002 1202 3063 est,
1237 3027 1307 3038 —-
1345 2997 1483 3049 sicut
1518 2995 1571 3047 in
1609 2996 1854 3048 universo
1892 2998 2015 3050 orbe
2054 3002 2326 3063 terrarum,
2363 3015 2490 3068 quae
2517 2989 2769 3069 tamquam

446 3091 662 3144 omnium
699 3090 1060 3161 quodammodo
1096 3087 1315 3139 maxima
1349 3090 1433 3138 est
1466 3086 1672 3153 insula,
1722 3086 1841 3154 quia
1875 3092 1928 3137 et
1964 3086 2133 3151 ipsam
2183 3088 2347 3155 cingit
2384 3090 2654 3156 Oceanus,
2700 3092 2769 3143 ad

445 3184 594 3245 cnjus
645 3180 820 3231 littora
867 3179 919 3230 in
972 3176 1369 3244 occidentalibus
1417 3175 1654 3242 partibus
1690 3174 1978 3226 Ecclesiam
2023 3176 2333 3241 pervenisse
2361 3178 2470 3240 jam
2506 3180 2763 3248 novimus,

448 3276 501 3323 et
544 3284 851 3339 quocumque
893 3267 1122 3319 littorum
1165 3266 1382 3317 nondum
1427 3263 1689 3330 pervenit,
1736 3268 2049 3331 perventura
2084 3268 2170 3316 est
2195 3264 2373 3333 ·ntique
2408 3266 2761 3321 fructificando

448 3365 596 3429 atque
634 3359 926 3412 crescendo.
964 3360 1015 3424 3.
1050 3357 1140 3409 48.
1212 3355 1314 3408 512
1353 3353 1417 3406 Si
1452 3369 1578 3419 ergo
1613 3353 1768 3420 latet,
1807 3354 2004 3421 quaudo
2025 3351 2267 3407 Ecclesiti·
2299 3356 2637 3410 fructificante
2673 3364 2761 3411 at-

446 3465 542 3520 que
579 3454 845 3501 crescente
881 3447 1161 3500 universus
1197 3442 1400 3496 omnino
1429 3459 1462 3493 a
1480 3441 1609 3493 mari
1639 3456 1797 3509 usque
1826 3443 1888 3494 ad
1913 3458 2053 3494 mare
2083 3443 2224 3496 orbis
2242 3444 2548 3513 implebitur,
2583 3448 2757 3515 procul

446 3540 596 3593 dnbio
631 3539 783 3606 latet,
820 3537 1013 3606 quando
1049 3537 1169 3586 finis
1207 3534 1306 3586 erit
1319 3550 1336 3599 3
1393 3537 1512 3584 ante
1549 3531 1725 3600 quippe
1764 3547 1862 3583 nou
1899 3520 2106 3584 eritf‘s
2131 3532 2225 3586 Oui
2262 3535 2553 3589 sententiae
2589 3537 2756 3607 utique

444 3645 599 3681 verae
644 3626 885 3695 quomodo
933 3623 1171 3677 consulat
1217 3620 1509 3688 exegetice‚
1563 3619 1702 3672 infra
1749 3619 2035 3672 videndum.
2109 3621 2417 3676 Tertulliani
2454 3626 2755 3678 sententiam

442 3719 603 3771 habes
624 3718 685 3769 de
702 3717 917 3768 Resurr.
939 3729 1079 3766 carn.
1100 3713 1184 3764 22.
1202 3712 1290 3777 (cf.
1307 3716 1408 3762 not.
1426 3709 1632 3774 33,17).
1655 3710 1960 3764 Ambrosius
1980 3726 2172 3778 qnoque
2189 3710 2306 3764 inde
2326 3730 2357 3765 a
2373 3714 2498 3768 Luc.
2520 3730 2569 3767 v.
2588 3715 2655 3767 24
2674 3715 2755 3767 si-

442 3808 584 3860 milia
609 3807 749 3858 videt
782 3805 844 3857 de
864 3802 1133 3856 Ecclesiae
1164 3800 1505 3865 incremento3
1541 3815 1587 3850 e.
1617 3815 1667 3864 g.
1703 3798 1830 3852 liaeo
1862 3799 1985 3853 dicit
2010 3802 2262 3854 sdv.24=
2293 3804 2493 3856 Judsen
2528 3803 2755 3856 omuis'n.

441 3895 733 3950 nationibus
758 3893 1035 3948 credituris
1063 3890 1363 3956 sufflicictnr
1380 3889 1546 3970 inore
1565 3888 1719 3955 glndii
1744 3888 2021 3958 spiritalis,
2046 3891 2131 3959 qui
2147 3895 2242 3945 est'
2261 3908 2434 3947 sermo
2454 3893 2537 3947 bis
2555 3898 2751 3947 acutus.

443 3986 693 4039 Similiter
728 3981 1048 4037 Eusebius
1086 3994 1279 4049 quoque
1313 3978 1368 4031 in
1403 3978 1534 4031 lilno
1571 3977 1657 4032 diti
1694 3977 2015 4046 desiderato,
2052 3978 2135 4048 qui
2172 3981 2458 4049 inscriptus
2493 3987 2579 4035 est
2619 3983 2753 4035 Θεο-

443 4068 647 4146 φάνεια
667 4110 682 4140 ,
737 4091 883 4145 quem
933 4087 1064 4125 anno
1113 4068 1390 4138 praeterito
1443 4068 1687 4121 idiomate
1734 4067 1937 4135 anglico
1975 4085 2038 4121 ex
2072 4070 2314 4126 versione
2351 4073 2565 4141 syriaca
2600 4073 2754 4127 edidit

440 4164 505 4215 V.
542 4163 605 4214 Ι).
645 4163 851 4215 Samuel
888 4164 994 4215 Lee
1031 4160 1119 4228 (cl'.
1148 4158 1429 4222 Eusebius,
1463 4155 1662 4223 Bishop
1699 4157 1763 4208 of
1791 4157 2071 4226 Caesarea,
2101 4174 2164 4210 on
2201 4159 2289 4211 the
2327 4159 2661 4230 Theophanis
2695 4179 2752 4215 or

441 4252 610 4304 divine
647 4249 1035 4302 manifestation
1072 4248 1131 4300 ot'
1176 4262 1271 4299 our
1304 4244 1444 4298 Lord
1481 4244 1580 4296 and
1616 4242 1841 4296 Savionr
1873 4243 2037 4297 Jesns
2076 4245 2272 4301 Olirist.
2326 4243 2528 4303 Gambr.
2571 4247 2751 4319 1843.)

438 4341 586 4395 Book
619 4339 712 4408 IV,
749 4338 834 4391 ³5.
873 4337 956 4391 36.
988 4354 1041 4405 p.
1081 4335 1184 4406 278
1213 4349 1323 4404 sqq.
