2934 4797
1531 219 1612 285 12

415 400 826 483 apostolorum
875 399 1250 472 relationem,
1301 399 1496 461 otiosa
1546 397 1769 460 Christi
1813 397 2022 461 verba:
2069 395 2475 477 paedagogiae
2524 394 2789 457 Christi

412 527 533 570 non
582 506 1024 586 eschatologiae
1071 506 1400 584 imaginem
1445 504 1725 567 habebis,
1792 502 1919 566 Sed
1964 510 2231 565 renuunt
2267 520 2511 584 prorsus
2559 504 2785 566 verba

417 615 668 697 Christi3
714 615 796 675 ita
843 615 1007 676 enim
1048 618 1190 674 sunt
1249 618 1626 693 comparata,
1683 618 1751 673 ut
1793 630 1918 673 non
1966 610 2290 673 exercendi
2342 612 2578 690 ingenii
2627 628 2788 671 ma-

411 722 628 783 teriam
685 719 798 783 sed
853 719 1163 782 doctrinae
1237 716 1469 780 solidae
1534 716 1959 790 fundamenta,
2028 735 2220 797 eaque
2277 723 2413 797 apta
2458 717 2534 779 ad
2584 718 2788 798 cogi-

410 827 669 907 tationes
735 825 1038 889 ecclesiae
1086 825 1570 904 eschatologicas
1617 822 2056 896 moderandas,
2105 822 2491 904 suppeditare
2536 825 2784 888 velint.

406 935 472 1000 Ὁ
520 929 775 1019 οὐρανὸς
818 932 915 999 καὶ
958 929 994 1012 ἡ
1036 938 1101 1013 γῆ
1145 927 1598 1014 παρελεύσεται,
1648 930 1795 995 οἶδὲ
1834 927 1995 1012 λόγοι
2021 954 2140 1009 μον
2178 931 2250 993 οὐ
2281 925 2361 1010 μὴ
2398 930 2787 1012 παρέλθωσι

418 1041 629 1106 Matth.
662 1038 868 1112 XXIV,
908 1036 1013 1103 35.
1062 1036 1380 1110 Mc..xl11,
1424 1036 1531 1103 31.
1576 1037 1681 1100 Lc.
1711 1036 1862 1111 XXI,
1910 1035 2016 1103 33.
2082 1037 2247 1101 Haec
2293 1039 2473 1101 verba
2521 1037 2781 1119 grande

418 1147 693 1212 sonantia
721 1164 842 1209 non
879 1146 1332 1207 nemonstruosi
1363 1143 1590 1225 aliquid
1629 1151 1691 1207 et
1715 1144 1853 1206 falsi
1880 1138 2207 1217 haberent,
2255 1145 2310 1205 si
2340 1144 2615 1206 Christus
2645 1161 2784 1224 per

428 1254 639 1336 λόγους
683 1254 818 1315 illos
868 1254 1172 1332 opinionis
1201 1250 1448 1333 quidem
1479 1258 1685 1315 auctor
1715 1258 1903 1325 esset,
1943 1270 2011 1314 se
2058 1270 2158 1314 res
2188 1251 2415 1314 futuras
2448 1253 2778 1314 ec'clesiae

417 1363 689 1427 revelare
734 1359 1032 1433 voluisse,
1089 1376 1321 1426 revera·
1348 1365 1554 1421 autem
1598 1352 1748 1419 nihil
1784 1358 2135 1426 revelasset,
2194 1376 2328 1420 seu.
2361 1365 2608 1439 propter
2656 1365 2775 1419 te-

425 1462 648 1532 nebras
694 1466 895 1530 verbis
936 1465 1070 1545 ejus
1097 1467 1365 1540 obfusast,
1415 1485 1529 1529 seu
1556 1472 1803 1547 propter
1842 1465 2276 1547 discipulorum
2320 1466 2611 1529 hebetem
2662 1469 2772 1527 in·-

419 1571 779 1638 tellectum?
828 1572 893 1633 Si
941 1570 1221 1652 discipuli
1269 1570 1403 1649 ejus
1447 1590 1628 1652 prave
1676 1590 1815 1633 eum
1843 1572 2293 1644 intellexerunt,
2343 1572 2491 1653 quid
2535 1576 2762 1637 revera

421 1683 692 1744 Christus
722 1680 963 1753 dixerit,
1011 1680 1174 1742 nulla
1204 1687 1369 1742 aetas
1415 1679 1803 1761 subsequens
1832 1679 2168 1742 decernere
2196 1682 2445 1761 poterit,
2494 1688 2556 1744 et
2600 1683 2764 1744 nulli

420 1793 667 1854 omnino
714 1789 944 1851 homini
977 1789 1256 1851 Servatur
1299 1788 1482 1850 verba
1528 1805 1637 1850 sua
1685 1788 1909 1850 dixisse
1957 1787 2275 1861 videbitur,
2328 1807 2483 1869 quae
2531 1791 2763 1852 summi

423 1897 714 1980 ponderis
753 1915 894 1973 esse
941 1898 1074 1976 ipse
1097 1894 1411 1975 judicavit.
1479 1896 1604 1969 Nos
1641 1915 1785 1959 vero
1815 1897 2081 1960 sciemus
2123 1895 2396 1978 quidem,
2448 1899 2762 1961 Christum

422 2006 608 2068 multa
646 2004 721 2067 de
768 2004 864 2065 his
917 2003 1105 2065 rebus
1154 2001 1410 2075 dixisse,
1467 2000 1581 2065 se'd
1644 2005 1778 2084 quis
1834 2005 1912 2088 sit
1946 2005 2265 2066 verborum
2333 2003 2466 2083 ejus
2528 1994 2760 2067 sensus

426 2114 754 2194 genuinus,
784 2113 848 2172 in
878 2118 1195 2174 aeternum
1223 2112 1525 2201 ecclesi-ae
1554 2111 1832 2174 militanti
1867 2112 2138 2191 ignotum
2169 2114 2319 2185 erit,
2368 2117 2429 2174 et
2465 2112 2759 2187 ChristuS,

425 2224 479 2284 si
527 2222 781 2309 sciebat,
828 2219 1013 2283 verba
1058 2236 1167 2282 sua
1193 2232 1502 2301 nunquam
1549 2219 1928 2282 intellectum
1972 2221 2072 2294 iri,
2120 2222 2181 2281 in
2226 2223 2501 2289 sectione
2549 2226 2759 2283 nostra

425 2331 578 2391 mire
629 2334 692 2389 et
735 2316 929 2389 otiose
975 2330 1314 2409 μονολογεῖί»
1341 2325 1667 2398 videbitur,
1716 2343 1901 2407 quum
1949 2325 2209 2400 docendi
2254 2314 2525 2390 habitum
2561 2329 2758 2390 oratio

432 2437 566 2518 ejus
613 2453 756 2516 prae
806 2452 874 2495 se
920 2434 1088 2501 ferat.

580 2536 803 2623 ‘ltaque
840 2560 958 2604 nec
1000 2542 1123 2603 illis
1161 2541 1365 2603 album
1413 2541 1714 2602 calculum
1759 2547 2035 2605 nostrum
2082 2540 2473 2621 adjiciemuS,
2523 2543 2624 2623 qui
2666 2542 2756 2604 fa-

426 2655 628 2715 tentes
659 2647 922 2729 quidem,
956 2646 1032 2709 de
1065 2646 1296 2710 duabus
1325 2647 1532 2721 rehuS,
1562 2646 2120 2728 Hierosolymorum
2150 2649 2384 2712 excidio
2407 2658 2467 2711 et
2489 2656 2757 2712 extremo

421 2758 684 2838 judicio,
741 2756 1045 2818 Christum
1089 2757 1272 2818 verba
1319 2733 1579 2830 iacere,
1663 2762 1867 2817 tamen
1925 2761 2028 2818 eas
2093 2762 2195 2819 aut
2257 2756 2476 2820 Christi
2552 2760 2754 2837 cogni-

426 2868 629 2929 tiones
672 2872 733 2928 et
760 2866 1026 2929 oratione
1055 2883 1267 2946 parum
1307 2861 1623 2927 distinctas
1658 2871 1760 2928 aut
1797 2864 2234 2946 discipulorum
2270 2867 2579 2930 intellectu
2609 2886 2753 2930 con-

428 2973 593 3034 fusas
625 2974 1021 3053 suspicantur.
1083 2970 1250 3034 Jacta
1297 2978 1392 3033 est
1436 2971 1591 3036 alea:
1640 2979 1741 3034 aut
1770 2970 2219 3053 desperandum
2265 2992 2385 3035 non
2434 2975 2630 3037 solum
2674 2974 2752 3038 de

436 3080 707 3142 sectione
757 3086 964 3140 nostra
1008 3077 1427 3158 intelligendA,
1470 3076 1580 3140 sed
1629 3076 1705 3139 de
1742 3080 2169 3158 Apostolorum
2215 3086 2278 3143 et
2319 3081 2508 3160 ipsius
2538 3080 2751 3144 Christi

429 3199 569 3250 vera
625 3184 966 3265 cognitione
1029 3191 1093 3246 et
1155 3184 1535 3257 auctoritate,
1593 3190 1693 3247 aut
1744 3185 2048 3248 incisurae
2118 3192 2318 3249 certae
2382 3194 2559 3269 atque
2616 3207 2749 3268 per-

432 3295 680 3373 spicuae
711 3296 855 3352 sunt
892 3289 1304 3371 quaerendae,
1354 3291 1575 3371 quippe
1615 3309 1766 3372 quae
1816 3292 1986 3353 solae
2035 3298 2097 3355 et
2142 3311 2254 3354 suo
2302 3311 2574 3374 quaeque
2616 3294 2746 3356 loco

433 3417 663 3481 ponere
709 3398 973 3477 possint,
1032 3404 1095 3460 et
1139 3398 1431 3461 orationis
1481 3396 1714 3460 diversa
1757 3401 2073 3461 tractantis
2128 3401 2279 3462 satis
2323 3401 2745 3481 intelligendae

431 3509 778 3574 facultatem
821 3507 1129 3586 praehere.

610 3613 713 3678 Me
759 3633 883 3676 non
926 3613 1102 3692 fugit,
1148 3612 1308 3675 haud
1351 3614 1433 3677 ita
1478 3631 1709 3694 paucos
1759 3632 1928 3687 esse,
1979 3613 2356 3677 anathemate
2404 3615 2572 3697 quasi
2616 3633 2745 3676 exe-

437 3725 633 3806 getico
701 3741 844 3786 eum
905 3722 1088 3784 ferire
1147 3728 1416 3803 paratos,
1484 3722 1586 3802 qui
1648 3724 2025 3785 recusaverit
2083 3721 2428 3804 adstipulari
2491 3723 2745 3803 opinioni

438 3836 742 3914 ipsorum,
809 3846 986 3910 quam
1040 3830 1348 3892 axiomatis
1413 3828 1552 3891 loco
1614 3830 1848 3902 fovent,
1913 3846 2164 3909 nempe:
2223 3831 2420 3894 varios
2486 3836 2742 3902 eventus,

437 3958 588 4021 quos
637 3938 853 4001 Christi
902 3938 1236 3999 orationem
1264 3997 1269 4004 ,
1300 3938 1597 4016 attingere
1660 3942 1888 3998 c‘ertum
1948 3942 2070 4009 est,
2132 3937 2454 3999 multorum
2517 3936 2746 4017 quidem

439 4046 787 4110 seculorum
836 4046 1031 4126 spatio
1076 4045 1324 4112 historia
1365 4052 1524 4108 teste
1574 4046 1865 4110 distentos
1913 4060 2083 4118 esse,
2143 4045 2313 4107 nullo
2358 4064 2501 4108 vero
2547 4047 2605 4107 in
2652 4063 2745 4107 re-

435 4156 662 4220 latione
684 4151 841 4234 apud
859 4152 1278 4233 Evangelistas
1308 4152 1668 4234 Synopticos
1700 4153 1901 4227 obviA,
1942 4148 2055 4212 sed
2084 4151 2370 4214 confusos
2394 4153 2495 4227 ita,
2526 4158 2587 4215 ut
2614 4151 2745 4233 quid
