2934 4797
1249 269 1332 337 37

86 419 93 423 ⁸
134 447 404 512 Verbum
445 452 715 515 veritatis
755 456 814 514 et
845 447 1185 529 majestatis
1230 449 1471 515 divinae
1506 455 1691 528 tenue
1733 446 2166 514 vestimentum
2204 448 2450 510 unicum

134 557 217 618 sit
262 556 559 631 medium,
625 577 744 640 quo
791 558 1065 621 Christus
1111 557 1188 620 ad
1235 577 1448 622 omnes
1498 565 1712 640 gentes
1769 566 1831 620 et
1882 557 2163 619 homines
2220 564 2486 638 pergat,'·

132 660 335 725 donec
379 682 595 727 omnes
643 664 721 727 ad
767 666 950 727 crisin
998 667 1120 729 sint
1166 663 1440 737 adducti,
1506 664 1585 728 ad
1620 663 1958 729 discrimen
2006 668 2106 725 aut
2149 666 2322 727 vitae·
2351 672 2454 727 aut
2559 685 2565 691 ¹

130 773 386 833 mortis:
434 772 521 833 sic
568 789 809 852 quoque
850 771 1069 845 elucet,
1121 779 1406 852 quantum
1450 771 1699 844 laboris,
1748 777 1892 851 quot
1917 767 2188 833 fidelium
2221 776 2340 833 ‘or'e
2390 777 2452 833 et

82 930 99 942 .
131 878 479 940 testimonio
526 879 794 960 indigeat
818 878 1227 960 Evangelium,
1274 884 1359 952 ut,
1410 880 1525 959 qua
1576 885 1670 941 est
1714 879 1962 950 naturA,
1991 892 2097 938 sua
2140 876 2450 957 perficiat3

134 992 199 1048 et
252 989 358 1066 qui
411 987 567 1050 hanc
624 987 935 1069 Evangelii
992 994 1264 1050 naturam
1325 994 1387 1049 et
1445 986 1716 1049 indolem
1773 987 2113 1066 perspexit,
2181 987 2241 1047 ei
2301 1005 2448 1051 sane

132 1096 546 1158 certissimum
593 1099 737 1169 erit,
780 1095 952 1159 valde
998 1096 1179 1176 longo
1237 1115 1422 1177 opere
1471 1102 1532 1158 et
1576 1096 1801 1159 itinere,
1856 1097 2031 1176 quasi
2083 1112 2195 1174 per
2228 1102 2474 1159 terram·

131 1211 406 1267 nostram
441 1205 834 1287 Evangelium
879 1203 1157 1285 perfungi
1205 1203 1453 1269 debere.

316 1310 737 1387 Quaeomnia
781 1314 833 1373 si
881 1313 1024 1374 satis
1075 1310 1567 1383 consideraveris»,
1606 1310 1710 1372 tibi
1756 1327 1902 1372 sane
1929 1302 2288 1390 persuasum
2320 1311 2451 1382 erit,

128 1435 257 1479 non
301 1419 573 1498 potuisse
618 1418 921 1481 Christum
965 1418 1226 1490 nescire,
1275 1417 1588 1497 religionis
1640 1416 1998 1479 christianae
2048 1417 2454 1479 evolutionem

129 1532 314 1606 atque
367 1525 678 1588 historiam
741 1542 863 1586 non
926 1524 1269 1586 absolutum
1327 1523 1400 1584 iri
1457 1521 1771 1585 nonnullis
1840 1522 2070 1585 anniss
2125 1521 2455 1586 Multorum

130 1633 480 1697 seculorum
515 1634 954 1713 praeparationi
1002 1632 1389 1713 evangelicae
1438 1629 1675 1719 (Matth.
1702 1629 1799 1703 XI,
1853 1628 1958 1711 13)
2001 1630 2453 1710 multorumque

130 1731 483 1804 seculorum
546 1748 797 1820 peccato
864 1741 1165 1802 crescenti
1237 1749 1359 1800 non
1433 1724 1812 1818 respondere
1882 1742 2086 1816 potest
2145 1736 2457 1816 Evangelii
2545 1786 2548 1795 .

127 1847 336 1911 brevis
382 1853 444 1909 et
488 1848 686 1909 minax
731 1848 1049 1927 apparitio,
1110 1863 1232 1907 non
1275 1845 1613 1924 perfusoria
1659 1849 1721 1905 et
1764 1842 2167 1922 perfunctoria
2212 1843 2453 1923 praedi-

130 1953 310 2018 candi
357 1952 487 2032 ejus
533 1956 701 2016 ratio.
781 1952 1092 2034 Evangelii
1139 1971 1292 2033 opus
1338 1959 1514 2032 atque
1561 1951 1933 2031 propositum
1979 1951 2159 2043 longa
2206 1958 2265 2012 et
2311 1951 2448 2024 lata,

126 2062 425 2143 profunda
462 2068 524 2125 et
558 2064 674 2126 alta
719 2069 970 2142 petens,
1017 2061 1364 2123 universum
1410 2076 1603 2141 genus
1649 2059 1974 2120 humanum
2013 2058 2447 2140 complectens,

131 2170 492 2232 necessario
556 2170 821 2251 denique
882 2171 983 2234 via
1040 2170 1205 2231 lenta
1269 2174 1331 2231 et
1393 2167 1564 2248 quasi
1628 2184 1738 2246 per
1803 2167 2089 2245 ambages
2145 2166 2447 2230 ‚incedens

20 2290 21 2293 ’
128 2284 376 2357 tempus
421 2278 657 2358 longius
700 2277 1061 2363 requirebat,
1110 2294 1231 2357 quo
1277 2273 1653 2338 militandum
1691 2281 1884 2347 esset,
1931 2293 2055 2337 non
2082 2276 2448 2357 triumphan-

132 2385 310 2449 dum:
360 2387 560 2468 ⁸eaque
611 2392 817 2449 mente
865 2386 1165 2449 Christum
1211 2385 1448 2448 summa
1494 2383 1678 2463 opera
1723 2389 1786 2448 et
1829 2390 2119 2466 quantum
2164 2383 2297 2447 fieri
2339 2403 2448 2465 po-

129 2498 286 2557 terat
313 2511 458 2556 suos
489 2483 778 2556 imbuisse
807 2498 1203 2558 monstratum
1232 2498 1344 2554 est.
1413 2491 1523 2553 Illa
1553 2492 1753 2553 omnia
1781 2510 1903 2553 non
1941 2493 2136 2553 solum
2176 2491 2447 2554 Christus

133 2600 402 2665 debebat
460 2604 698 2683 cognita
759 2601 1018 2674 habere,
1085 2606 1153 2661 ut
1194 2612 1492 2680 personae
1542 2616 1684 2661 suae
1734 2605 1796 2661 et
1840 2601 2040 2679 operis
2101 2600 2220 2661 sibi
2280 2605 2449 2661 esset

132 2711 439 2782 conscius,
486 2709 597 2771 sed
644 2707 957 2789 discipulis
995 2723 1235 2790 quoque
1283 2708 1484 2770 omnia
1530 2707 1760 2787 aperire
1808 2706 2089 2781 debebat,
2139 2723 2291 2788 quae
2339 2725 2447 2768 eos

127 2817 406 2879 imbuere
452 2823 704 2898 possent
750 2817 952 2896 operis
999 2821 1062 2877 et
1104 2832 1402 2902 personae
1442 2831 1589 2875 suae
1617 2811 1823 2876 indole
1862 2814 2061 2877 ethica
2096 2820 2160 2876 et
2186 2832 2441 2877 avocare

131 2925 209 2988 ab
248 2922 546 2986 erroribus
573 2925 826 3002 primam
852 2922 1042 3003 ipsius
1072 2921 1502 3001 apparitionem
1529 2920 1689 3001 parvi
1717 2918 2085 2999 pendentes,
2131 2922 2203 2983 ab
2233 2922 2446 2986 ultima

38 3038 43 3046 '
128 3050 277 3095 vero
330 3032 566 3112 parusia
616 3032 707 3093 rei
760 3046 1053 3092 summam
1109 3035 1173 3093 et
1224 3030 1536 3111 religionis
1587 3028 1910 3109 perfectae·
1947 3047 2159 3092 verum
2201 3032 2440 3093 initium

132 3143 572 3219 exspectantes.

311 3245 402 3307 Ne
449 3247 580 3326 quis
627 3243 891 3323 objiciat,
936 3242 1261 3323 Apostolos
1306 3243 1491 3305 verba
1521 3241 1740 3303 Christi
1785 3244 2016 3306 nonita
2045 3243 2437 3321 intellexisse,

131 3373 274 3418 cum
320 3352 564 3416 ardenti·
596 3352 898 3415 desiderio
944 3352 1241 3432 parusiam
1288 3349 1422 3429 ejus
1452 3356 1882 3431 exspectarent,
1932 3357 1995 3413 et
2020 3371 2199 3434 aegre
2227 3356 2437 3418 tulisse

129 3463 450 3526 videantur
492 3461 960 3534 necessitatem,
1028 3458 1385 3539 magnificae
1433 3458 1653 3521 Christi
1699 3459 2088 3539 apparitionis
2134 3480 2169 3523 a
2207 3462 2439 3541 judicio

133 3571 213 3635 de
258 3570 499 3636 ,ludaeis
543 3569 796 3634 ferendo
843 3568 1235 3650 separandae.
1294 3605 1377 3616 --
1427 3569 1675 3630 Etenim
1730 3587 1932 3631 nonne
1975 3571 2252 3650 Apostoli
2303 3577 2440 3652 post

132 3685 393 3743 mortem
422 3679 636 3742 Christi
675 3696 750 3740 eo
795 3676 1061 3744 adducti¹
1087 3683 1243 3749 sunt,
1291 3683 1359 3738 ut
1403 3675 1634 3738 divinae
1679 3677 2024 3756 cogitationi
2053 3680 2287 3742 ethicae
2316 3698 2438 3742 non
2475 3725 2480 3731 -

133 3788 419 3869 physicae
467 3783 932 3848 consentirent?
1003 3784 1163 3847 Num
1209 3783 1478 3846 Christus
1524 3784 1587 3843 in
1631 3784 1808 3845 terris
1853 3785 2018 3848 vivus
2072 3787 2158 3847 nil
2201 3787 2435 3850 fecisse

134 3897 285 3976 ipsis
314 3891 643 3966 videbatur,
691 3899 790 3954 aut
832 3890 1211 3956 solummodo
1249 3892 1423 3971 quasi
1448 3891 1782 3964 venisse,
1830 3900 1896 3954 ut
1929 3894 2349 3957 vaticinaretur
2377 3901 2439 3958 et

54 4059 61 4068 .
135 4005 528 4066 annunciaret
570 4019 639 4064 se
684 3998 1104 4063 venturum?
1148 3997 1400 4061 Minime
1445 4018 1609 4062 vero.
1656 3998 1945 4080 Baptizati
1992 4002 2200 4080 spiritu
2228 4009 2433 4066 sancto

138 4129 259 4173 non
314 4106 698 4189 ignorabant,
764 4091 883 4168 sub=
939 4104 1149 4167 humili
1210 4105 1504 4168 velamine
1559 4091 1867 4186 Evangelii
1927 4124 2035 4186 per
2089 4105 2434 4174 Messianae

137 4220 344 4282 aetatis
371 4218 629 4297 primum
658 4214 933 4288 stadium,
970 4215 1198 4276 bonum
1225 4214 1504 4277 omnibus
1531 4216 1800 4276 numeris
1827 4214 2164 4282 absolutum
2201 4216 2431 4301 (Matth.

136 4326 232 4401 lx,
278 4326 341 4392 2.
389 4325 452 4391 5.
496 4323 615 4400 XX,
660 4322 770 4407 28)
817 4323 964 4404 ipsis
1013 4323 1317 4404 obtigisse.
1396 4323 1531 4387 Non
1576 4324 1657 4387 ita
1699 4323 1861 4405 parvi
1903 4324 2248 4406 pendebant
2290 4345 2433 4409 pec·
