2934 4797
1152 245 1359 313 ,27

147 424 464 501 potentiae
512 441 665 502 opus
710 425 856 484 satis
901 430 1105 504 aperte
1155 425 1295 489 alibi
1341 425 1694 500 indicasse,
1741 444 1901 507 nego
1947 434 2187 498 tamen,
2237 425 2312 488 de
2361 427 2474 489 hac

149 531 272 590 una
322 530 657 612 eAdemque
701 531 980 611 parusia,
1028 535 1276 596 saecula
1314 534 1628 596 hominum
1675 542 2062 614 permeante,
2110 537 2171 595 in
2202 535 2473 596 sectione

146 637 355 697 nostra
393 635 664 699 disertim
708 639 838 718 agi;
887 656 1098 701 versus
1128 639 1231 711 27.
1266 639 1371 705 28.
1405 642 1569 702 enim
1607 640 1724 702 alio
1768 639 1948 702 modo
1991 640 2479 720 interpretandos

155 760 341 822 supra
369 743 651 806 vidimus.
698 744 858 808 Alibi
902 747 1049 809 talia
1093 746 1280 808 habes
1329 745 1409 829 (e.
1439 764 1497 827 g.
1528 744 1738 810 Matth.
1785 746 2036 820 XXVIII,
2085 746 2224 829 2Ο);
2270 757 2478 812 nostro

153 848 354 929 capite
404 849 481 911 de
526 851 639 913 hac
681 853 934 932 perenni
982 852 1218 934 'parusia
1248 855 1512 916 tacuisse
1544 854 1848 917 Christum
1873 853 2071 926 video,
2110 856 2245 917 sine
2294 854 2479 918 dubio

147 958 466 1030 consult0,
514 978 591 1021 ne
656 958 1033 1023 diluerentur
1089 970 1194 1042 τῆς
1249 963 1587 1045 παρουσίας
1632 988 1680 1026 κ.
1745 988 1790 1025 ε.
1839 963 2006 1023 notio
2055 968 2235 1042 atque
2295 961 2474 1024 fines.

146 1063 277 1127 Sed
325 1065 439 1138 fac,
491 1067 794 1130 Christum
842 1075 1049 1131 nostro
1095 1086 1335 1150 quoque
1374 1071 1572 1150 capite
1609 1070 1914 1150 parusiam
1952 1087 2122 1132 suam
2169 1072 2473 1151 cogitasse

145 1190 337 1234 unam
402 1190 657 1253 eamque
724 1177 1110 1248 continuam3
1174 1193 1420 1238 manere
1478 1184 1644 1238 certe
1702 1175 2016 1238 debebunt
2066 1179 2265 1238 'variae
2315 1174 2477 1254 ejus·

146 1277 293 1340 dem
337 1279 883 1352 manifestationes,
931 1300 1079 1363 quas
1130 1282 1403 1344 Christus
1449 1301 1572 1344 non
1617 1280 1853 1363 poterat
1896 1283 2309 1355 confundere,
2358 1300 2475 1344 nec

147 1385 521 1448 confusionis
568 1393 926 1477 autor⁴esse
983 1389 1271 1467 apostolis
1323 1387 1398 1450 de
1445 1391 1628 1450 rebus
1685 1390 1964 1451 obscuris
2009 1390 2091 1451 ita
2147 1389 2475 1470 loquendo,

146 1499 216 1554 ut
253 1510 539 1556 sermone
579 1513 711 1566 suo,
742 1514 894 1576 quae
926 1495 1327 1559 discernenda
1360 1504 1421 1560 et
1445 1496 1607 1559 hene
1638 1496 2060 1577 dispungenda
2092 1504 2321 1569 essent,
2352 1515 2475 1559 non

151 1597 569 1679 distingue-ret.
617 1601 764 1664 Tale
785 1621 1025 1684 quoque
1050 1603 1337 1684 effugium
1362 1604 1598 1666 cladem
1619 1602 2034 1682 judicaremus
2056 1602 2158 1684 (cf.
2178 1622 2237 1682 pt
2259 1604 2319 1670 9.
2349 1603 2475 1687 10),

150 1725 275 1769 non
303 1708 627 1782 victoriam,
660 1730 838 1791 quam
871 1729 1214 1792 speramus:
1248 1715 1477 1774 etenim
1507 1718 1571 1773 et
1599 1711 2030 1791 discipulorum
2060 1716 2336 1791 quaestio
2368 1713 2478 1775 du-

146 1816 290 1894 plex
332 1813 543 1879 Matth.
590 1817 789 1892 XXIV,
840 1817 899 1884 3.
955 1819 1014 1902 1)
1062 1819 1300 1901 quando
1349 1819 1752 1883 devastabitur
1795 1819 2090 1899 templum
2133 1820 2360 1892 hocce,
2409 1798 2476 1902 2)

148 1922 296 2002 quid
325 1926 440 1986 erit
467 1928 702 2006 signum
732 1929 1009 2007 parusiae
1057 1934 1193 1990 tuae
1243 1934 1306 1990 et
1349 1927 1484 1990 finis
1533 1927 1784 1989 mundi?
1834 1926 2148 2007 distinguit
2169 1926 2471 2006 judicium

151 2029 230 2091 de
275 2030 522 2096 Iudaeis
567 2035 886 2097 ferendum
934 2054 966 2099 a
1012 2034 1133 2098 fine
1189 2037 1429 2108 mundi,
1501 2042 1562 2096 et
1614 2036 1917 2115 parusiam
1967 2036 2188 2097 Christi
2243 2034 2472 2117 liquide

146 2145 423 2202 reservat
468 2142 971 2221 consummationi
1019 2141 1260 2214 mundi,
1329 2159 1665 2223 quanquam
1723 2143 1858 2202 sine
1916 2139 2098 2202 dubio
2156 2159 2191 2202 a
2238 2141 2477 2202 Christo

148 2244 356 2307 audire
405 2246 682 2327 cupiunt,
748 2249 1054 2327 parusiam
1109 2266 1281 2309 suam
1337 2267 1477 2309 cum
1540 2242 1738 2327 gentis
1784 2247 2205 2309 Hebraeorum
2272 2254 2472 2328 strage

152 2352 539 2432 conjunctam
582 2354 729 2415 fore.
774 2368 783 2373 “
826 2353 936 2415 Cui
984 2354 1317 2436 quaestioni
1359 2354 1581 2435 duplici
1629 2353 1904 2422 Christus
1952 2353 2004 2415 si
2049 2350 2477 2434 respondebat,

154 2478 226 2522 ea
259 2460 658 2522 commiscere
696 2479 816 2522 non
845 2467 1096 2540 poterat,
1147 2479 1300 2541 quae
1348 2462 1461 2541 ipsi
1503 2463 1899 2524 distinxerant
1935 2461 2037 2532 ita,
2086 2467 2212 2522 uta
2242 2461 2478 2524 Christo

155 2588 227 2631 ea
274 2567 558 2648 conjungi
602 2587 783 2648 prave
833 2576 1145 2650 cuperent.
1224 2570 1501 2642 Accedit,
1551 2569 1712 2651 quod
1760 2569 2031 2631 Christus
2080 2587 2323 2650 quoque
2369 2591 2478 2633 πα·

152 2677 404 2760 ρουσίας
447 2693 598 2737 voce
645 2676 977 2738 solenniter
1021 2677 1262 2737 nonnisi
1311 2675 1386 2737 de
1432 2675 1629 2738 reditu
1679 2675 1754 2738 ad
1794 2675 2097 2754 judicium
2143 2682 2479 2738 extremum

151 2787 337 2846 utitur
380 2782 526 2848 Luc.
570 2782 744 2857 XVII,
784 2782 889 2849 26.
939 2782 1148 2846 Matth.
1179 2783 1379 2857 XXIV,
1427 2783 1555 2857 37.,
1602 2802 1725 2846 non
1773 2783 1848 2848 de
1897 2783 2013 2844 alia
2058 2782 2322 2863 quadam
2368 2801 2477 2846 sua

151 2894 213 2952 in
260 2890 484 2953 mundo
528 2893 893 2970 praesentia.
981 2890 1190 2963 Addo,
1249 2891 1412 2972 quod
1458 2892 1732 2965 Christo,
1793 2893 1875 2952 uti
1921 2890 2294 2964 videbimus,
2354 2911 2479 2953 non

154 3000 352 3061 solum
411 3018 591 3061 curae
648 2999 795 3073 fuit,
864 2999 1227 3062 incuriosam
1283 2999 1514 3063 reditus
1575 3003 1667 3061 sui
1728 3000 2153 3081 negligentiam
2217 3001 2480 3060 excitare

153 3115 329 3188 atque
385 3114 743 3188 percutere,
805 3107 919 3186 sed
976 3110 1156 3170 etiam
1211 3109 1606 3189 praecipitem
1651 3108 2121 3188 impatientiam,
2190 3124 2370 3196 quam
2419 3114 2479 3170 et

153 3215 345 3302 ipsam
393 3235 665 3280 errorum
709 3216 1087 3279 funestorum
1132 3216 1441 3292 materiam
1487 3215 1731 3280 videbat
1774 3216 2060 3288 futuram,
2124 3215 2362 3278 sedare.
2400 3212 2478 3296 ¹⁰)

299 3411 388 3477 10)
425 3410 666 3464 Pericula
697 3427 886 3478 magna
919 3428 1021 3464 uon
1069 3411 1235 3464 solum
1274 3428 1304 3463 e
1348 3410 1549 3463 reditus
1587 3411 1784 3463 Christi
1831 3408 2034 3463 incurii
2076 3411 2172 3462 scd
2217 3411 2373 3463 etiam
2419 3427 2483 3463 ex

154 3501 470 3568 impatientia
493 3504 584 3553 illa
613 3518 842 3569 manare,
880 3517 1026 3554 nemo
1051 3501 1384 3569 interpretum
1404 3501 1578 3553 acrius
1598 3501 1725 3553 vidit
1760 3500 2048 3553 Calvino.
2085 3528 2155 3540 -
2191 3502 2290 3553 Hic
2316 3501 2481 3552 habes

155 3591 430 3658 quaedam,
466 3591 564 3641 huc
599 3590 921 3656 pertinentia.
959 3592 1204 3642 Hermon.
1243 3591 1339 3641 Er.
1378 3590 1440 3641 T.
1478 3591 1560 3656 11,
1597 3606 1645 3656 p.
1684 3589 1784 3640 261
1824 3605 1902 3656 eq.
1941 3590 2020 3640 ed.
2060 3588 2315 3641 Tholuck.
2349 3588 2482 3657 „Si-

156 3681 317 3731 mulae
365 3680 644 3746 periturum
690 3696 816 3732 esse
866 3680 1101 3746 templum
1150 3679 1275 3731 dixit
1310 3679 1589 3746 chrisme,
1648 3680 1782 3731 ultro
1828 3679 1934 3730 illis
1980 3678 2033 3728 in
2081 3685 2296 3731 mentem
2343 3678 2484 3729 venit

158 3768 526 3822 consummatio
546 3769 729 3821 seculi.
765 3769 930 3838 Atque
944 3773 1005 3819 ut
1040 3783 1188 3820 error
1224 3783 1452 3819 errorem
1491 3768 1641 3834 parit,
1678 3767 1796 3835 quia
1830 3766 2070 3833 persuasi
2108 3767 2271 3832 erant,
2308 3766 2485 3818 statim

159 3861 218 3911 ab
255 3859 460 3910 exordio
498 3858 649 3923 regni
685 3859 883 3910 Christi
922 3874 983 3909 se
1020 3856 1182 3909 modis
1221 3858 1456 3909 omnibus
1492 3857 1675 3908 beatos
1714 3858 1846 3922 fore,
1882 3854 2164 3922 praeterita
2199 3855 2382 3906 militia
2415 3856 2483 3906 ad

160 3947 466 4014 triumphum
503 3946 739 4013 protinus
775 3946 1061 3999 convolant.
1121 3945 1317 3997 Christi
1368 3960 1496 4010 ergo
1547 3946 1813 3998 adventum
1862 3948 1915 3995 et
1958 3944 2125 3995 mundi
2171 3945 2322 3994 tinem
2371 3958 2484 3995 cum

160 4036 326 4103 templi
365 4037 641 4088 eversione
677 4039 1006 4102 coniungunt.
1050 4065 1111 4076 —
1148 4034 1277 4088 Nam
1314 4050 1462 4101 quum
1498 4049 1676 4087 omnes
1716 4051 1749 4086 a
1784 4033 2069 4099 molestiis,
2116 4032 2479 4085 certaminibus

162 4126 386 4192 omnique
434 4123 605 4177 crucis
652 4123 831 4189 specie
873 4119 1061 4175 natura
1106 4121 1447 4188 ablipr‘reant,
1500 4127 1653 4186 urget
1698 4120 1878 4174 harum
1914 4134 2086 4173 rerum
2122 4120 2371 4187 taedium,
2426 4125 2483 4172 ut

163 4213 273 4265 siue
317 4214 686 4281 moderatione,
745 4213 861 4263 sinc
897 4229 992 4280 spe
1029 4214 1093 4264 ad
1129 4213 1243 4277 spei
1280 4212 1499 4263 fructum
1537 4211 1895 4279 intempestive
1932 4217 2219 4276 properent.
2289 4212 2370 4263 lta
2403 4212 2478 4286 fit,

162 4307 217 4355 ut
249 4306 526 4355 sementem
561 4303 732 4354 facere
768 4300 938 4352 nullus
978 4300 1119 4368 velit,
1155 4305 1346 4352 metere
1384 4314 1561 4350 omues
1601 4306 1719 4350 aute
1758 4302 1954 4365 tempus
1976 4297 2149 4351 velint,
2171 4325 2238 4338 —-
2270 4298 2330 4353 P.
2349 4297 2477 4350 262:
