2934 4797
1297 277 1382 347 45

182 474 327 519 cnm
361 457 497 519 hoc
533 456 767 537 judicio
803 459 1021 523 saltem
1059 459 1443 538 conjunctam
1478 459 1608 523 fore
1635 455 1734 543 τὴν
1765 458 2100 542 παρουσίαν
2124 460 2315 540 ipsius
2344 485 2392 524 κ.
2422 459 2494 540 εἰ,

177 566 221 628 i.
271 583 328 627 e.
376 565 642 645 finalem,
687 568 748 633 ἐν
790 577 860 650 τῇ
898 569 1199 651 συντελείᾳ
1234 576 1344 632 τοῦ
1380 570 1598 642 αἰῶνος
1635 575 2002 632 eventuram.
2083 564 2286 642 Quare
2332 566 2492 648 Apo-

180 650 474 733 stolorum
520 675 591 748 ii,
639 676 740 756 qui
787 676 963 754 qnasi
1008 675 1310 737 interioris
1359 674 1747 740 admissionis
1796 679 1966 736 erant
2005 679 2065 736 et
2099 676 2493 738 attentissime

174 779 378 841 verbis
416 778 558 858 'ejus
604 780 1021 853 inhaeserant,
1068 780 1314 853 PetruS,
1359 780 1647 854 Jacobus,
1693 780 1983 854 loannes,
2030 778 2305 843 Andreas
2351 800 2495 845 eum

177 887 549 967 compellant
581 887 788 950 Matth.
819 885 1019 960 XXIV,
1051 886 1112 953 3.
1158 886 1278 951 Mc.
1317 887 1464 961 xm,
1514 888 1573 953 3.
1622 885 1683 952 4.
1733 889 2019 950 seorsim:
2064 888 2135 951 Et
2179 880 2261 952 ita
2308 907 2494 969 quae-

174 1001 336 1066 runt,
382 996 680 1079 primum:
730 994 975 1075 quando
1019 993 1154 1068 fiet,
1202 1002 1267 1057 ut
1310 995 1601 1074 templum
1645 994 1763 1056 hoc
1810 993 2491 1058 devasteturrde'inde

178 1101 344 1162 scire
402 1102 685 1180 cupiunt,
748 1120 952 1163 nonne
1007 1120 1199 1164 nexus
1260 1104 1340 1164 sit
1407 1103 1651 1164 intimus
1705 1099 2008 1164 tremendi
2060 1099 2239 1179 hujus
2278 1100 2493 1181 judicii

177 1198 321 1269 cum
357 1206 591 1286 judicio
639 1218 931 1284 extremo,
972 1211 1134 1291 quod
1179 1229 1395 1273 omnes
1442 1211 1715 1274 sciebant
1761 1229 1902 1272 cum
1946 1211 2184 1291 parusia
2226 1212 2490 1273 messiae

178 1324 244 1378 et
288 1313 409 1378 fine
456 1315 666 1378 mundi
712 1316 1102 1395 conjunctum
1144 1317 1297 1382 fore.
1389 1316 1590 1391 Quare
1638 1315 1909 1379 secundo
1956 1318 2097 1379 loco
2153 1324 2491 1398 quaerunt:

178 1439 480 1502 quaenam
537 1432 713 1486 erunt
765 1426 939 1505 signa
994 1422 1269 1504 parusiae
1325 1422 1486 1487 tuae'
1532 1431 1591 1487 et
1634 1424 1771 1487 finis
1815 1423 2077 1486 mundi?
2146 1423 2385 1487 scilicet
2428 1431 2494 1488 ut

177 1532 588 1609 comperiant,
654 1549 800 1592 num
857 1522 1417 1613 Hierosolymorum
1475 1532 1752 1594 interitus
1813 1549 1922 1611 pro
1983 1532 2158 1610 signo
2211 1534 2490 1611 parusiae

174 1639 453 1701 instantis
498 1638 813 1702 habendus
862 1642 941 1702 sit
984 1637 1194 1703 Matth.
1241 1639 1452 1712 XXIV,
1502 1638 1560 1705 3.
1652 1639 1999 1703 Verisimile
2062 1645 2187 1711 est,
2255 1639 2307 1700 si
2370 1659 2494 1702 non

175 1763 415 1818 omneS,
460 1752 664 1808 tamen
707 1747 1036 1809 nonnullos
1084 1765 1257 1827 spem
1304 1754 1530 1810 certam
1575 1746 1819 1818 fovisse,
1866 1746 2016 1818 fore,
2063 1752 2130 1807 ut
2175 1762 2315 1806 cum
2349 1747 2491 1809 Hie·

175 1852 612 1932 rosolymorum
641 1872 864 1916 occasu
893 1855 997 1916 illo
1025 1861 1297 1935 tempore
1318 1855 1541 1935 gloriae
1570 1854 1909 1916 messianae
1941 1859 2106 1915 ortus
2137 1851 2493 1931 conjunctus

175 1957 370 2042 εἰμί’)
459 1960 543 2023 Ita
596 1966 877 2042 sperant,
944 1962 996 2023 si
1040 1961 1318 2025 Christus
1372 1962 1447 2024 ad
1492 1963 1739 2041 primam
1778 1963 2195 2042 quaestionem
2239 1940 2491 2042 respon-

176 2065 356 2138 dens,
404 2075 634 2129 certum
677 2074 918 2149 tempus
964 2067 1383 2150 significasset,
1431 2067 1648 2130 deinde
1687 2067 2007 2130 consessus
2048 2074 2228 2141 esset,
2277 2067 2491 2131 Hiero-

174 2174 545 2254 solymorum
583 2176 892 2238 interitum
934 2178 1210 2256 parusiae
1255 2193 1415 2238 suae
1445 2177 1791 2237 et·extremi
1828 2176 1998 2255 quasi
2035 2174 2245 2254 judicii
2285 2176 2491 2239 tubam

174 2279 468 2354 futuram,
516 2298 657 2343 sese
686 2288 1099 2361 comperturos
1138 2283 1318 2344 etiam
1350 2288 1580 2344 certum
1608 2281 1833 2362 gloriae
1862 2281 2201 2344 messianae
2220 2288 2490 2361 tempus.

180 2382 361 2465 Quod
416 2407 556 2453 cum
617 2389 887 2452 Christus
940 2390 1086 2470 ipsis
1149 2390 1383 2470 aperire
1442 2395 1505 2452 et
1556 2387 1746 2451 nollet
1782 2394 1863 2451 et
1912 2390 2196 2470 nequiret
2256 2387 2488 2472 (Matth.

175 2496 379 2571 XXIV,
427 2493 534 2562 36.
572 2494 676 2563 39.
715 2492 820 2561 42.
860 2493 988 2574 44),
1035 2515 1158 2558 non
1204 2498 1294 2560 via
1339 2496 1781 2578 quaestionibus
1827 2495 1948 2557 illis
1988 2495 2287 2559 delineata
2326 2498 2492 2560 ince-

178 2603 326 2668 dere
371 2606 581 2685 potuit.
673 2603 913 2666 Etenim
959 2606 1134 2677 anni,
1184 2621 1301 2686 quo
1348 2604 1761 2685 Hierosolyma
1811 2610 2022 2665 essent
2069 2597 2393 2678 diruenda,
2442 2606 2494 2667 si

179 2715 441 2788 sciebat,
490 2722 715 2777 certam
760 2711 1262 2793 significationem
1301 2712 1443 2776 dare
1490 2732 1609 2776 non
1654 2720 1915 2794 poterat,
1965 2714 2187 2794 quippe
2234 2731 2356 2775 non
2401 2713 2494 2774 rei

179 2823 575 2896 christianae,
640 2820 755 2883 sed
815 2822 1141 2884 curiositati
1202 2795 1413 2902 puerili
1476 2815 1862 2901 profuturam.
1954 2818 2080 2882 Sed
2125 2818 2201 2882 ad
2245 2821 2493 2900 primam

179 2932 600 3012 quaestionem
642 2930 886 2992 nonnisi
933 2948 1005 2996 ea
1047 2930 1423 3011 respondere
1473 2927 1751 3003 debebat,
1800 2923 1955 3011 quae'
1991 2930 2119 2991 suis
2151 2937 2322 2992 erant
2355 2945 2494 3008 pro-

176 3039 407 3113 futura,
484 3040 536 3101 si
600 3039 902 3102 calamitas
963 3039 1066 3101 illa
1129 3038 1474 3118 ingruisset:
1540 3038 1759 3116 signa
1822 3035 1995 3109 dico,
2071 3054 2325 3118 quorum
2389 3034 2493 3097 ad-

175 3153 363 3210 ventu
428 3145 628 3209 edocti
690 3148 850 3209 scire
913 3151 1202 3226 possent,
1262 3143 1386 3224 iam
1443 3145 1609 3206 urbis
1667 3144 1975 3206 interitum
2040 3144 2304 3217 instare,
2365 3141 2493 3221 jam

177 3252 565 3334 fugiendum,
633 3262 693 3316 et
749 3273 781 3316 a
839 3252 1207 3316 Judaeorum
1268 3253 1503 3315 civitate
1566 3259 1628 3313 et
1683 3252 1839 3314 vitae
1902 3254 2330 3315 communione
2393 3269 2491 3312 re-

181 3360 551 3435 cedendum,
601 3380 634 3423 a
684 3380 792 3441 spe
839 3378 1011 3435 vero,
1048 3342 1417 3423 ,ludaeorum
1464 3361 1792 3421 etiamtunc
1838 3361 2060 3422 multos
2107 3362 2492 3440 ingressuros

180 3472 243 3532 in
289 3487 541 3550 regnum
587 3467 842 3557 Christi,
892 3466 1336 3531 abstinendum.
1429 3463 1608 3540 Quod
1650 3465 1794 3529 fecit
1839 3465 2110 3544 profecto
2156 3467 2493 3547 paulopost,

179 3578 529 3661 praesertim
554 3596 609 3640 v.
647 3574 922 3642 15-22.
970 3611 1056 3623 —
1101 3575 1195 3638 Ad
1223 3573 1554 3638 secundam
1580 3591 1722 3636 vero
1761 3575 2178 3658 quaestionem
2222 3591 2341 3637 nec
2392 3592 2489 3635 re-

183 3683 485 3766 spondere
539 3663 808 3764 poterat,
875 3684 1177 3763 pat-usiam
1232 3701 1402 3744 suam
1448 3699 1588 3743 cum
1640 3680 1801 3744 fatali
1860 3681 1963 3744 illo
2020 3682 2225 3762 populi
2265 3680 2494 3743 Judaici

183 3791 285 3853 die
312 3791 441 3852 fore
474 3787 891 3867 conjunctam3
921 3789 1038 3851 hoc
1068 3788 1232 3851 enim
1258 3787 1475 3850 falsum
1501 3787 1734 3860 fuisset,
1784 3793 1845 3849 et
1871 3807 1906 3848 a
1933 3786 2169 3851 Christo
2197 3787 2492 3861 alienum;

185 3916 302 3961 nec
328 3904 576 3978 poterat
620 3898 796 3977 plane
844 3905 1086 3978 aperte,
1135 3898 1188 3960 si
1232 3897 1492 3970 sciebat,
1528 3896 1742 3990 multis
1790 3895 2034 3960 demum
2081 3904 2221 3976 post
2265 3899 2492 3964 seculis

186 4023 255 4068 se
294 4003 643 4079 rediturum,
687 4004 803 4066 hoc
830 4003 1129 4085 profiteri3
1172 4022 1312 4067 nam
1359 4004 1447 4067 sic
1492 4003 1854 4084 vigilantiam
1899 4010 1962 4067 et
2001 4003 2299 4069 fervorem
2340 4006 2494 4069 mul-

184 4119 381 4175 torum
423 4114 624 4176 for-san
668 4112 1022 4177 hebetasset
1048 4119 1110 4175 et
1144 4101 1699 4186 succidisset3‘nec
1728 4112 1991 4193 denique
2025 4116 2494 4193 responsionem

255 4271 261 4278 ·
327 4253 417 4320 13)
455 4253 615 4307 Maro.
651 4254 804 4324 XIII,
842 4253 893 4307 4.
928 4256 1055 4310 Luc.
1091 4254 1244 4323 XXI,
1278 4254 1310 4307 '7
1346 4254 1444 4308 boo
1482 4254 1623 4309 clare
1658 4253 1783 4307 mibi
1817 4253 1998 4307 docere
2033 4254 2295 4328 videntur,
2331 4270 2492 4327 quse-

189 4343 406 4397 ationem
444 4343 808 4412 discipulorum
843 4359 941 4397 suo
976 4345 1121 4398 modo
1159 4345 1469 4398 reserentes.
1505 4345 1574 4398 cf.
1611 4344 1803 4413 Chrys.
1837 4342 1875 4396 1.
1912 4359 1957 4398 c.
1992 4343 2115 4399 815.
