2934 4797
1576 240 1664 308 80

448 414 517 477 ·si
560 412 902 498 prosapiam
949 406 1210 499 respicis
1260 435 1536 493 omnem,
1585 436 1794 481 rursus
1841 418 2027 502 habes
2073 420 2325 501 stirpem
2360 424 2460 481 aut
2506 422 2796 500 gentem,
2895 468 2896 483 ,

465 520 578 585 sed
622 540 746 585 non
793 524 974 589 futuri
1020 523 1134 587 sed
1180 528 1485 617 praeteriti
1529 527 1837 609 temporis.
1947 526 2177 589 Rursus
2238 528 2292 589 si
2336 531 2591 606 utraque
2644 516 2810 617 uni-‘

462 634 584 692 tate
630 628 734 691 illa
780 631 1225 714 complecteris,
1274 650 1443 713 quae>
1481 639 1544 695 et
1585 634 1748 696 inest
1773 634 2005 716 primae
2050 634 2219 698 vocis
2263 628 2425 714 γενεά
2470 629 2792 712 significa·

462 737 637 809 tioni,
697 743 759 799 et
801 756 1116 802 recurrere
1164 738 1377 814 debet,
1434 759 1577 803 cum
1621 759 1733 821 per.
1769 742 2190 822 generantium
2235 744 2300 801 et
2353 743 2794 823 generatorum

462 846 657 906 series
693 846 849 908 vitae
895 845 1191 927 quaedam
1236 846 1519 910 identitas
1575 865 1687 909 seu
1748 848 2091 910 communio
2139 843 2497 918 descendat,
2565 862 2794 906 rursus

461 951 651 1014 habes
699 954 949 1034 stirpem
984 948 1097 1023 seu
1140 963 1416 1036 gentem,
1461 955 1593 1034 Jam
1632 974 1780 1019 vero
1813 972 1936 1018 nec
1982 956 2367 1037 praeteritam
2413 953 2612 1016 solum
2658 970 2795 1014 nec

460 1060 748 1135 futuram,
811 1061 922 1124 sed
968 1064 1282 1145 utrumque
1329 1072 1573 1147 tempus
1619 1065 2162 1146 complectentem:
2216 1062 2407 1126 habes
2456 1059 2584 1141 jam
2651 1080 2790 1123 non

462 1169 766 1232 relativam
810 1173 851 1241 i.
885 1189 942 1236 e.
990 1171 1246 1251 alicujus
1289 1174 1601 1253 temporiS,
1649 1172 1761 1234 sed
1807 1172 2162 1245 absolutam,
2209 1173 2410 1253 gentis
2438 1177 2542 1234 aut
2569 1170 2789 1249 stirpis

458 1276 714 1357 alicujus
779 1273 1311 1357 significationem,
1378 1285 1443 1340 et
1502 1285 1788 1359 parentes
1853 1282 1913 1340 et
1975 1276 2242 1361 filios‚et
2293 1276 2788 1357 consanguineos

462 1400 675 1445 omnes
723 1383 1169 1463 amplectentis.
1259 1384 1365 1447 Sic
1400 1384 1567 1467 γενεοέ
1604 1384 1776 1449 idem
1822 1379 2024 1447 est‘ac
2071 1382 2242 1466 φυλή,
2288 1389 2390 1445 aut
2432 1382 2605 1460 λαός,
2669 1388 2785 1444 aut

460 1491 754 1574 φρατρία,
815 1496 877 1552 et
926 1489 1223 1569 majorem
1283 1490 1445 1552 enim
1507 1498 1569 1554 et
1619 1492 1920 1571 minorem
1967 1486 2176 1553 orbem
2232 1495 2435 1572 potest
2471 1489 2783 1569 amplecti,

459 1599 639 1659 sicuti
675 1598 855 1680 stirps
900 1584 1101 1679 potest
1148 1617 1290 1661 esse
1334 1600 1569 1672 familia,
1616 1618 1787 1679 gens,
1834 1600 2015 1663 natio.
2109 1597 2283 1674 Quae
2343 1600 2545 1660 omnia
2593 1598 2784 1661 etiam

458 1707 630 1769 obvia
693 1716 835 1771 sunt
892 1709 956 1769 in
1016 1727 1169 1771 voce
1218 1709 1404 1791 γένος.
1496 1707 1628 1772 Tali
1688 1702 1868 1771 modo
1906 1726 2017 1771 vox
2066 1716 2269 1771 nostra
2315 1708 2578 1770 occurrit
2620 1705 2785 1787 apud

324 1886 329 1891 .
455 1813 631 1877 Hom.
677 1813 755 1879 «ΙΙ.
809 1819 875 1892 T,
927 1810 1080 1880 1052
1116 1811 1398 1880 πάντεσσι
1443 1850 1528 1862 -
1567 1813 1718 1898 (τῆς)
1752 1820 1868 1880 τῶν
1902 1816 2133 1899 ἀνδρῶν
2174 1821 2396 1897 γενεῆς,
2444 1815 2565 1880 ote’
2603 1816 2776 1894 αἵμα-

457 1944 561 1995 τος
594 1923 657 1998 ἐξ
701 1921 840 2003 ἐμοῦ
886 1923 1021 1988 εἰσί.
1095 1922 1384 1986 Similiter
1418 1924 1613 2005 accipi
1659 1930 1914 2006 possunt
1955 1923 2074 1985 loci
2120 1923 2360 2001 allegati
2392 1922 2465 1984 11.
2517 1926 2583 2000 Y,
2619 1918 2779 1987 241.

456 2036 528 2107 Z,
575 2029 722 2095 211.
767 2028 912 2096 145.
978 2038 1058 2110 Ψ,
1102 2029 1256 2099 471.
1330 2036 1396 2100 Γ.
1445 2034 1786 2115 eststirps,
1824 2030 2081 2094 familia:
2147 2031 2367 2112 OdysS.
2423 2029 2573 2103 xvl,
2628 2029 2784 2095 117.

456 2137 501 2209 1,
548 2138 699 2203 222.
743 2116 992 2221 oiohys.
1040 2141 1114 2204 H.
1160 2141 1231 2203 A.
1280 2141 1354 2204 a.
1402 2138 1461 2215 6,
1509 2138 1616 2207 84.
1663 2140 1778 2227 (cr.
1813 2141 2020 2223 steph.
2071 2140 2281 2213 Thes„
2330 2139 2428 2220 qui
2476 2137 2783 2220 significa-

455 2247 687 2307 tionem
729 2247 970 2328 generis
1016 2244 1238 2309 talibus
1290 2246 1448 2309 locis
1493 2250 1705 2310 inesse
1753 2255 1935 2328 putat.
2009 2247 2303 2328 Spitzner,
2350 2245 2392 2310 l.
2441 2263 2496 2309 c.
2537 2263 2600 2325 p.
2645 2241 2778 2327 IX.)

456 2352 610 2417 Xen.
660 2353 949 2435 Cyrop.-I,
1000 2356 1052 2434 1,
1101 2353 1173 2426 6:
1241 2356 1343 2429 Τίς
1390 2377 1536 2423 ποτε
1571 2354 1656 2422 οἶίν
1698 2353 1889 2439 γενεὰν
1920 2356 2017 2421 καὶ
2041 2356 2219 2421 ποίαν
2243 2350 2368 2420 τινὰ
2397 2351 2572 2438 φύσιν
2604 2356 2776 2438 ἔχων.

458 2462 545 2525 lta
593 2462 809 2528 Graeci
867 2464 1171 2540 dixerunt,
1219 2462 1384 2551 Κρὴς
1434 2463 1661 2551 γενεὰν,
1724 2464 1979 2532 Τιτάνων
2011 2462 2232 2549 γενεὰ,
2289 2472 2551 2549 Περσῶν
2592 2461 2779 2547 γενεά.

465 2570 651 2652 Soph.
688 2568 796 2652 Aj.
846 2573 1002 2640 202:
1066 2577 1279 2650 Γενεᾶς
1335 2577 1597 2661 χθονίων
1643 2576 1884 2658 generis
1922 2594 2034 2637 seu
2073 2574 2282 2656 stirpis
2337 2572 2778 2654 indigenarum.

461 2679 598 2741 Alia
638 2681 908 2761 exempla
948 2680 1206 2744 afferunt
1232 2683 1582 2763 Stephanus
1627 2690 1690 2747 et
1717 2683 1993 2762 Spitzner
2029 2683 2068 2743 l.
2102 2700 2159 2747 c.
2233 2679 2360 2744 Sed
2392 2680 2559 2742 idem
2588 2696 2773 2759 saepe
2895 2719 2896 2730 κ

468 2787 728 2849 occurrit
779 2788 842 2848 in
900 2788 973 2851 V.
1034 2787 1105 2851 T.
1163 2787 1357 2873 (LXX)
1408 2798 1469 2852 et
1520 2791 1583 2851 in
1627 2788 1700 2852 N.
1748 2788 1820 2853 T.
1866 2786 2110 2853 Jerem.·
2134 2783 2259 2852 vu.
2308 2785 2419 2854 29:
2481 2784 2775 2851 ἀπώσατο

461 2889 705 2976 (κύριος)
742 2889 843 2975 τὴν
884 2889 1077 2976 γενεὰν
1119 2890 1218 2978 τὴν
1262 2905 1550 2961 ποιοῦσαν
1583 2904 1799 2974 ταῦτα,
1857 2895 2065 2975 (Hebr.
2106 2889 2310 2981 ’ψ’-’,ξιξ
2336 2888 2452 2955 Ἶῆπ
2473 2895 2519 2955 i.
2563 2912 2622 2958 e.
2663 2885 2772 2956 die

465 3000 642 3085 Race,
693 3000 793 3063 die
841 3003 1058 3065 seinen
1100 3004 1260 3067 Zorn
1312 3005 1592 3067 erfahren
1641 3004 1779 3081 soll)
1811 3002 1930 3069 <dvc
1983 3003 2263 3085 ἐποίησαν
2309 3003 2369 3068 οἱ
2423 3002 2541 3067 υἱοὶ
2580 2998 2773 3066 Ἰούδα

459 3105 528 3173 τὸ
574 3104 828 3194 πονηρὸν
870 3110 1127 3176 ἐναντίον
1168 3112 1332 3192 ἐμοῦ.
1425 3112 1541 3176 Hic
1589 3112 1873 3186 efficitur,
1920 3108 2021 3194 τὴν
2054 3108 2247 3195 γενεάν
2307 3111 2471 3173 idem
2515 3111 2764 3191 prorsus

461 3234 603 3277 esse
648 3233 720 3279 ac
778 3225 1023 3298 gentem
1067 3218 1434 3282 ludaeorum
1482 3219 1561 3302 (v.
1608 3216 1715 3302 30)
1780 3225 1842 3281 et
1893 3203 1999 3283 ἶεὸν
2042 3215 2189 3283 λαὸν
2230 3227 2443 3283 τοῦτον
2487 3216 2564 3300 (v.
2614 3214 2767 3298 33.).

459 3321 690 3404 Eodem
717 3325 1020 3404 pertinere
1050 3332 1251 3407 potest
1277 3327 1450 3388 locus
1482 3326 1770 3407 allegatus
1795 3326 1996 3389 Num.
2025 3324 2094 3398 X,
2127 3324 2230 3391 30.
2281 3324 2434 3388 Gen.
2460 3323 2634 3397 XXV,
2667 3321 2766 3387 13.

454 3426 532 3495 τὰ
578 3428 844 3511 ὀνόματα
887 3442 1004 3499 τῶν
1045 3435 1188 3499 υἱῶν
1231 3430 1480 3519 Ἰσραὴλ
1522 3435 1641 3498 κατ’
1666 3430 1934 3514 ὀνόματα
1980 3440 2098 3499 τῶν
2139 3440 2343 3517 γενεῶν
2386 3435 2591 3498 αὐτοῦ.
2658 3429 2770 3491 Hic

455 3536 618 3621 γενεά
647 3538 812 3601 idem
843 3548 937 3604 est
963 3558 1032 3603 ac
1067 3537 1238 3624 φυλή,
1266 3542 1435 3606 hebr.
1484 3527 1720 3629 ἣῆῆξῆτπ
1763 3529 2047 3611 familiae,
2091 3548 2324 3621 gentes.
2357 3541 2430 3603 cf.
2465 3537 2563 3600 111.
2592 3535 2764 3600 Esdr.

456 3647 540 3720 V,
588 3645 705 3723 373
753 3648 903 3715 Gen.
961 3648 1169 3724 XXXI,
1217 3648 1278 3724 3,
1324 3650 1534 3727 XLIII,
1582 3652 1655 3725 7,
1702 3652 1872 3715 hebr.
1920 3638 2152 3733 ἣξῄἥπ.
2212 3650 2391 3713 Num.
2435 3646 2594 3720 xm,
2644 3645 2765 3712 22³

456 3754 726 3836 ἀπῆλθον
757 3757 871 3828 ἕως
905 3752 1191 3840 Χεβρών,’
1214 3757 1310 3821 καὶ
1342 3757 1463 3823 ἐκεῖ
1499 3755 1773 3843 Ἀχιμὰν,
1822 3759 1917 3825 καὶ
1947 3757 2136 3823 Σεσσὶ
2166 3757 2282 3821 καιὶ
2309 3754 2557 3833 Θελαμὶ,
2584 3752 2767 3835 γενεαὶ

451 3860 618 3948 Ἐνᾶχ
656 3869 792 3950 (mg
835 3852 1029 3956 Ἶῆζ)
1075 3866 1302 3945 posteri
1347 3884 1458 3927 seu
1491 3883 1642 3947 gens
1679 3869 1863 3941 Euae,
1907 3886 1964 3931 v.
1995 3864 2081 3932 28
2122 3865 2481 3945 colliguntur
2519 3860 2763 3922 nomine

452 3967 617 4052 γενεὰ
675 3970 828 4056 ἐνοέχ,
885 3971 1065 4032 sicuti
1107 3959 1313 4057 ξιςςῃῆρτ
1348 3984 1442 4058 ³23
1497 3974 1536 4035 i.
1580 3992 1637 4039 e.
1681 3972 1889 4036 Jacohi
1946 3972 2266 4053 posteritas
2322 3959 2486 4032 idem
2545 3975 2642 4031 est
2690 3985 2761 4030 ac

457 4077 624 4141 Gens
683 4079 1113 4143 Hebraeorum.
1206 4080 1431 4146 Jerem.
1478 4081 1643 4157 VIII,
1693 4080 1755 4148 3.
1812 4073 1955 4147 τιᾶσι
1997 4090 2126 4156 τοῖς
2184 4061 2580 4155 καταλοίποις,
2633 4086 2761 4150 τοῖς

455 4192 930 4270 καταλειφθεῖσιν
955 4183 1074 4251 ἀπὸ
1118 4193 1219 4268 τῆς
1263 4195 1457 4269 γενεᾶς
1502 4187 1744 4271 §aeirus-3
1787 4195 1981 4251 textus
2027 4188 2197 4251 hebr.
2245 4187 2453 4249 habet:
2500 4184 2759 4272 πῃξτζᾶῃ,

450 4291 653 4376 itaque
692 4288 874 4378 γενεά,
919 4292 1077 4357 sicut
1116 4290 1260 4358 Lev.
1306 4291 1481 4369 XXV,
1526 4291 1609 4362 41
1668 4292 1985 4360 vertenda:
2039 4312 2262 4377 genus,
2308 4310 2422 4357 seu
2470 4294 2652 4372 stirps
2700 4297 2764 4355 et
