2934 4797
1264 290 1349 361 51

159 465 243 533 14
301 468 377 532 de
430 470 552 532 fine
609 470 817 533 mundi
876 472 1174 554 loquitur,
1237 491 1288 535 v.
1342 470 1423 538 15
1472 471 1549 534 de
1596 470 2071 554 HierosolymiS,
2132 474 2345 551 postea
2404 467 2482 533 de

146 576 353 640 reditu
396 596 507 642 suo
564 586 625 642 et
677 579 799 644 fine
858 579 1102 654 mundi,
1165 579 1280 643 sed
1330 579 1474 675 jam
1518 581 1941 661 intelligimus,
2006 578 2358 641 necessario
2401 578 2485 640 ita

149 685 379 749 Christi
426 689 760 749 orationem
805 684 1090 768 progredi
1139 684 1463 762 debuisse,
1534 691 1751 769 quippe
1813 702 1967 770 quae
2021 686 2280 768 primum
2325 685 2482 767 prin-

149 792 311 873 cipia
359 798 612 874 exponat
659 795 1134 875 eschatologiam
1177 793 1466 877 regentia,
1518 792 1741 859 deinde
1791 796 1890 880 (cf.
1941 789 2046 860 οὖν
2086 812 2141 860 v.
2193 790 2291 867 14,
2343 795 2399 857 i.
2426 813 2481 858 e.

143 900 377 982 itaque)
419 901 757 965 descendat
790 903 867 964 ad
898 896 1529 984 applicationem
1560 921 1827 965 eorum
1865 904 2330 985 historicam
2371 918 2481 962 seu

146 1007 588 1087 propheticam.
681 1007 930 1084 „Quare
987 1016 1124 1090 post
1178 1006 1246 1074 τὸ
1302 1011 1472 1084 τέλος
1528 1001 1670 1091 pars
1718 1006 1984 1073 secunda
2030 1010 2269 1073 initium
2319 1010 2485 1088 capit

148 1132 189 1178 a
219 1112 460 1193 judicio
507 1116 585 1180 de
633 1116 881 1181 ludaeis
926 1117 1202 1211 ferendo.

1042 1309 1139 1395 B)
1180 1330 1236 1376 v.
1291 1310 1595 1380 15-28.

160 1508 165 1517 ,
328 1436 419 1521 Β)
449 1432 593 1505 Non
614 1458 765 1520 opus
796 1445 908 1514 est,
938 1442 1006 1502 ut
1031 1458 1339 1502 moremur
1366 1441 1429 1502 in
1456 1439 1731 1504 versibus
1768 1436 2043 1504 15-28,
2093 1438 2283 1519 Supra
2316 1436 2477 1498 enim

149 1545 231 1608 de
261 1546 357 1608 his
387 1546 757 1628 disputatum
790 1546 870 1631 (p.
907 1545 988 1614 16
1019 1545 1179 1630 sqq.)
1236 1547 1519 1610 Recurrit
1547 1534 1821 1609 Christus
1851 1545 1928 1608 ad
1958 1564 2048 1623 ea,
2082 1564 2236 1627 quae
2270 1538 2478 1608 Matth.

145 1646 357 1727 XXIV,
388 1653 428 1718 2
455 1655 663 1734 parall.
697 1653 772 1716 de
813 1653 1221 1721 devastatione
1246 1635 1696 1735 'Hierosolymis
1726 1654 2068 1715 imminenti
2098 1650 2386 1713 docuerat
2423 1655 2485 1711 et
2537 1678 2540 1689 ν

143 1760 410 1824 vidimus
440 1776 638 1842 supra,
673 1778 812 1824 eum
843 1761 987 1824 alibi
1019 1778 1257 1843 quoque
1289 1762 1516 1826 similia
1548 1761 1855 1828 docuisse.
1908 1760 2112 1836 Quem
2137 1776 2277 1824 vero
2308 1775 2484 1838 supra

144 1870 326 1931 tertio
374 1868 512 1932 loco
544 1872 905 1952 posuimuS,
956 1868 1343 1932 decursum
1397 1862 1533 1932 dico
1581 1868 2046 1933 Christianae
2092 1868 2482 1946 religionis

142 1974 583 2037 historicum
613 1982 819 2057 aperte
849 1973 990 2038 inde
1022 1994 1053 2038 a
1083 1994 1263 2039 versu
1297 1972 1374 2040 15
1408 1974 1714 2037 delineare
1749 1976 1980 2054 incipit.
2072 1972 2250 2049 Quod
2298 1988 2481 2054 quum

143 2080 232 2146 ita
258 2081 397 2144 fieri
422 2080 690 2156 deberet,
722 2089 788 2144 ut
810 2101 1060 2145 norma-e
1089 2082 1581 2161 eschatologicae
1609 2080 1751 2143 inde
1779 2099 1811 2143 a
1830 2100 1884 2144 v.
1901 2076 2482 2161 4—14propositae
2593 2140 2598 2145 .

146 2208 231 2251 on
266 2189 553 2250 oblivioni
580 2189 918 2252 tradendae
947 2196 1049 2251 aut
1073 2188 1385 2252 violandae
1416 2188 1533 2251 sed
1559 2187 1953 2251 stabiliendae
1984 2194 2213 2260 essent,
2253 2195 2482 2249 certum

147 2312 294 2357 esse
325 2295 526 2367 debet,
560 2297 865 2358 ecclesiae
895 2296 1210 2358 historiam»
1236 2312 1267 2357 a
1293 2295 1528 2358 Christo
1557 2275 1681 2357 non
1708 2296 1864 2356 intra
1889 2293 2044 2355 fines
2065 2292 2483 2374 gentisludai-

149 2415 259 2465 cae
275 2405 603 2484 constringi
617 2404 908 2485 potuisse,
928 2403 1337 2467 sedEthnicos
1357 2417 1594 2485 quoque
1613 2410 1831 2483 gentes
1845 2403 2155 2483 respicere
2175 2402 2484 2464 debuisse.

146 2503 270 2573 Tot
313 2507 485 2584 locis,
536 2529 688 2590 quos
736 2530 915 2592 supra
942 2511 1456 2592 perlustravimuS,
1508 2509 1736 2572 dixerat
1780 2510 2071 2582 ChristuS,
2122 2506 2200 2571 ad
2225 2521 2483 2588 paganos

153 2635 397 2695 quoque
450 2633 707 2696 regnum
755 2616 869 2679 Dei
912 2623 1372 2698 perventurum,
1428 2617 1817 2696 Evangelium
1861 2614 2142 2700 fermenti
2187 2615 2378 2677 instar
2421 2617 2484 2677 in

146 2725 301 2802 ipsis
353 2722 566 2787 efficax
608 2724 758 2797 fore,
809 2724 1118 2787 ecclesiae
1163 2723 1438 2786 arborem
1476 2725 1639 2787 inter
1672 2723 1838 2803 ipsos
1880 2697 2169 2818 grandem
2204 2722 2481 2797 futuram,

146 2833 442 2914 ipsosque
495 2833 727 2895 fructus
771 2833 995 2895 laturos
1049 2840 1325 2914 tempore
1372 2838 1736 2913 opportuno.
1823 2831 1897 2894 Et
1940 2832 2058 2893 hoc
2101 2833 2238 2911 ipso
2283 2832 2482 2911 capite

142 2936 331 3002 XXIV
372 2937 605 3019 pluries
646 2933 1015 3020 paganorum
1060 2939 1290 3002 mentio
1335 2938 1498 3002 facta
1543 2944 1672 3000 erat
1717 2936 1899 3020 (apud
1933 2935 2140 3000 Matth.
2188 2955 2250 3001 v.
2291 2936 2351 3001 7.
2399 2936 2479 3011 9.,

154 3045 298 3107 coll.
327 3043 448 3108 Mc.
480 3043 540 3118 8,
572 3045 631 3119 9,
666 3043 767 3111 13.
814 3045 919 3108 Lc.
956 3044 1056 3113 10.
1094 3044 1242 3129 12),
1289 3044 1564 3125 adeoque
1604 3049 1819 3137 gentes
1858 3061 2071 3105 omnes
2115 3043 2177 3105 in
2227 3045 2481 3107 classico

146 3153 258 3215 illo
303 3153 441 3216 loco
487 3173 540 3217 V.
594 3152 676 3219 14
731 3153 855 3219 Mc.
910 3151 1012 3221 10.
1047 3154 1405 3217 'nominatae
1471 3160 1628 3217 sunt.
1725 3150 1927 3228 Quare
1983 3154 2120 3235 quis
2176 3153 2290 3215 sibi
2347 3147 2481 3235 per'·

151 3259 449 3333 suadebit,
481 3260 785 3332 Christum
813 3280 847 3325 a
878 3258 1219 3342 dogmatica·
1253 3262 1423 3343 quasi
1454 3259 1907 3340 eschatologiae
1935 3268 2101 3339 parte
2133 3257 2481 3343 (v.4-14)

151 3366 231 3428 ad
292 3361 644 3428 historicam
709 3374 771 3429 et
826 3368 1246 3448 propheticam
1307 3365 1801 3448 progredientem
1868 3366 2144 3429 oblivisci
2204 3370 2482 3447 potuisse

145 3491 541 3555 paganorum,
590 3482 692 3538 aut
736 3476 847 3540 hac
894 3475 1193 3564 orationis·
1223 3483 1392 3558 parte
1418 3457 1550 3538 'eos
1582 3473 1906 3537 excludere
1944 3489 1977 3535 a
2017 3491 2212 3555 regno
2238 3474 2483 3538 divino?

145 3581 527 3647 Exclusisset
582 3603 728 3647 vero
787 3600 984 3665 paene
1048 3567 1299 3656 omnes,
1366 3585 1416 3645 si
1475 3601 1612 3646 cum
1659 3573 2212 3663 Hierosolymorum
2252 3581 2484 3661 judicio

152 3688 342 3751 finem
385 3691 594 3754 mundi
640 3692 1073 3772 chronologice
1122 3692 1568 3771 conjunxisset,
1637 3697 1698 3753 et
1750 3691 1933 3771 plane
1982 3693 2275 3754 contraria
2321 3699 2489 3755 esset

155 3798 511 3880 prophetica
569 3799 863 3860 orationis
919 3796 1061 3876 eJ‘uo
1113 3814 1251 3878 pars
1313 3798 1720 3878 dogmaticae,
1770 3799 1825 3858 si
1868 3795 1971 3860 illa
2015 3798 2194 3878 quasi
2238 3796 2484 3872 diceret,

154 3904 601 3986 Hierosolymis
650 3904 865 3967 dirutis
908 3905 1226 3974 historiam
1269 3904 1449 3983 huius
1496 3902 1709 3965 muudi
1751 3904 2092 3968 absolutam·
2129 3902 2372 3985 fore.¹⁶)

301 4081 397 4147 15)
427 4081 565 4134 Post
585 4080 958 4150 Hierosolyma
989 4082 1160 4135 diruta
1187 4095 1399 4134 aeonem
1429 4080 1790 4134 intermedium
1827 4079 2117 4148 exspectari
2154 4082 2362 4152 debere,
2392 4100 2489 4136 ve·
2562 4093 2567 4098 ’

156 4172 325 4221 terum
360 4170 516 4236 longe
553 4170 761 4237 plum-fini
796 4169 1053 4250 viderunt.
1121 4171 1262 4232 Quod
1300 4168 1387 4221 alii
1424 4168 1501 4224 ita
1536 4169 1749 4238 assequi
1786 4168 2028 4236 student,
2079 4173 2136 4221 ut
2171 4172 2350 4242 omnia,
2371 4172 2488 4225 inde

162 4271 196 4310 ι
228 4271 281 4309 v.
323 4257 387 4309 15
412 4253 597 4327 'posita
631 4260 743 4323 jam
790 4258 855 4309 ad
889 4258 1261 4312 Antichristum
1306 4258 1541 4310 referant
1591 4259 1663 4325 (ν.
1701 4261 1809 4308 not.
1847 4253 1921 4322 2.)
1973 4261 2066 4307 aut
2107 4259 2170 4310 ad
2216 4262 2490 4328 appropin-

163 4346 372 4414 quantis
408 4347 724 4402 Antichristi
769 4346 1129 4416 operationes,
1168 4353 1225 4400 ut
1259 4347 1674 4424 Ambrosiqs,
1721 4344 1804 4415 qni
1841 4357 2069 4464 errores*
2087 4347 2358 4402 eeclesiam
2393 4364 2490 4401 ve·

1976 4430 2016 4487 4
