2934 4797
1568 218 1676 289 14*

446 399 571 464 Sed
607 400 778 482 -quotl
824 419 1012 481 saepe
1061 402 1327 488 evenire·
1354 399 1632 479 videmus
1671 401 1736 463 in
1764 399 1887 462 vita
1913 404 2148 471 nostra,
2197 397 2453 477 primum
2500 397 2812 457 obtutum

446 515 506 570 et
550 510 843 587 primitias
892 512 1063 592 quasi
1109 508 1293 572 studii
1339 509 1620 589 acerrimi
1668 526 1826 575 esse,
1849 504 2065 585 judicii
2112 514 2172 567 et
2216 506 2544 576 verissimi,
2603 502 2806 564 idem

443 614 649 689 forsan
704 619 766 679 in
822 626 1030 683 nostra
1076 632 1259 681 causa
1308 619 1528 680 evenit.
1623 615 1802 691 Quod
1850 613 2399 696 quomodocunque
2447 631 2515 674 se
2571 610 2810 682 habet,

441 722 597 784 illud
644 733 810 788 certe
857 725 1268 789 confitendum
1313 732 1496 806 puto,
1535 741 1839 805 quemque
1890 741 2128 795 eorum,
2177 724 2280 802 qui
2328 718 2811 783 difficultatibus

447 828 568 890 illis
617 829 887 893 deterriti
933 832 1047 894 alio
1111 838 1287 917 atque
1345 831 1462 892 alio
1519 828 1883 900 tendebant,
1951 826 2376 890 certitudinem
2433 825 2665 887 nullam
2737 829 2815 885 et

445 952 765 1005 assensum
808 955 1136 1021 paucorum
1179 940 1277 1002 via
1325 940 1437 1000 sua
1481 938 1635 1000 nova
1685 941 2070 1008 assecutum,
2130 933 2578 996 difficultatibus
2635 951 2812 995 vero

447 1060 570 1103 non
608 1045 946 1106 minoribus
991 1043 1103 1106 sed
1146 1042 1484 1121 majoribus.
1535 1044 1833 1105 irretitum
1880 1059 2053 1112 esse,
2092 1059 2297 1122 *quam
2361 1059 2506 1121 quas
2567 1041 2812 1117 fugere

450 1151 745 1228 cupiebat.
793 1149 974 1225 Quod
1003 1151 1099 1212 ubi
1133 1167 1166 1212 a
1194 1149 1370 1212 nobis
1410 1148 1891 1212 demonstratum
1924 1148 2133 1220 fuerit,
2172 1151 2327 1213 viam
2361 1146 2555 1227 illam,
2594 1164 2628 1208 3
2672 1151 2815 1228 qua

452 1370 619 1446 nin-15>
677 1374 976 1428 versionem
1024 1377 1173 1430 LXX
1229 1377 1421 1432 habere
1469 1371 1687 1438 εὐθέως.
1771 1377 1966 1441 Quibus
2018 1375 2351 1432 Schottius
2400 1369 2707 1426 accessitl.
2753 1386 2812 1424 ο.

455 1484 522 1535 98
560 1498 635 1548 sq.
626 1517 657 1545 .‚
711 1482 792 1548 qui
830 1487 1063 1535 nostrum
1099 1485 1283 1536 matth.
1322 1489 1512 1539 textum
1549 1485 1843 1537 vei-sionem
1881 1500 2152 1551 graecam
2162 1500 2224 1535 ex
2258 1482 2497 1535 hebraico
2545 1478 2815 1535 idiomate

451 1587 576 1624 esse
624 1585 837 1623 monens
876 1568 1204 1639 suspicatur,
1254 1574 1569 1625 matthaeum
1606 1573 1897 1640 scripsisse
1936 1568 2142 1657 niu-12,
2197 1572 2326 1640 quod
2382 1571 2534 1622 etiam
2588 1567 2814 1620 recenti

449 1676 683 1730 versioni
720 1675 781 1728 N.
823 1676 884 1729 Τ.
923 1676 1193 1729 1ιο1ιι·31333
1230 1677 1456 1730 Londini
1498 1678 1665 1731 editae
1700 1679 1908 1746 placuit.
1983 1679 2073 1731 Sic
2111 1691 2305 1731 sensus
2342 1650 2507 1727 foret.
2557 1673 2815 1741 quando-

449 1780 643 1833 cunque
681 1780 770 1815 res
809 1780 857 1815 V.
896 1764 961 1815 29
1000 1764 1251 1816 indicatae
1288 1765 1599 1832 ingruerint,
1637 1766 1808 1818 subito
1847 1765 2103 1818 evenient.
2178 1765 2284 1816 Sed
2320 1763 2401 1829 (ut
2437 1763 2541 1814 alia
2575 1767 2811 1829 praete-

449 1852 616 1918 ream)
655 1854 737 1921 qui
779 1854 988 1906 scribit:
1027 1853 1198 1906 subito
1217 1862 1339 1922 post
1374 1853 1746 1923 calamitatem,
1784 1856 1916 1908 hanc
1955 1854 2292 1907 calamitatem
2329 1869 2428 1904 non
2464 1853 2618 1917 longo
2654 1856 2812 1902 tem-

450 1941 595 2008 poris
643 1940 812 2007 spatio
859 1957 892 1992 a
937 1932 1266 2010 sequentibus
1313 1944 1424 1995 vult
1470 1944 1723 2011 separari.
1797 1938 2023 2003 Εὐθέως
2069 1959 2194 1995 vero
2239 1958 2341 1994 non
2389 1941 2454 1992 ad
2501 1936 2641 2012 μετὰ
2693 1937 2811 2013 τῆὴ

340 2080 353 2091 ,
452 2031 653 2098 θλίψιν
700 2048 745 2082 τ.
797 2025 848 2097 ἡ.
905 2028 948 2084 ἐ.
1003 2032 1098 2083 sed
1146 2033 1211 2083 ad
1261 2034 1467 2085 verbum
1519 2029 1942 2102 σκοτισθήσεται
1983 2034 2183 2085 referre
2228 2044 2339 2084 cum
2385 2031 2592 2083 oleario
2636 2031 2810 2082 nimis

455 2121 664 2171 arduum
709 2125 760 2171 et
797 2124 1086 2173 tortuosum
1126 2122 1347 2174 videtur.
1398 2152 1470 2162 —
1520 2124 1679 2190 Alii,
1733 2130 1791 2176 ut
1844 2124 1971 2195 Sim.
2023 2121 2409 2189 Episcopius
2457 2135 2551 2186 per
2589 2120 2809 2187 θλίψιν

453 2208 566 2261 τῶν
605 2200 829 2278 ἡμερῶν
873 2206 1101 2271 ἐκείνων
1139 2211 1436 2264 universam
1484 2213 1621 2264 illam
1655 2213 1994 2265 calamitatem
2035 2211 2251 2281 intelligi
2296 2214 2509 2277 putant,
2560 2209 2804 2283 Judaeos

456 2298 608 2349 etiam
659 2303 778 2362 post
831 2298 1079 2350 excidium
1128 2300 1272 2351 urbis
1325 2305 1432 2351 toto
1476 2301 1564 2351 illo
1606 2301 1915 2366 longissimo
1961 2306 2221 2368 tempore,
2279 2314 2375 2366 quo
2432 2296 2687 2349 induratio
2745 2302 2806 2348 et

456 2386 667 2450 chectio
714 2385 938 2437 nominis
976 2387 1177 2450 ,iudaici
1225 2388 1471 2441 duratura
1520 2389 1618 2455 sit,
1672 2405 2036 2456 oppressuram
2090 2388 2182 2455 (cf.
2233 2384 2459 2439 Wolfl.
2510 2402 2552 2438 c.
2601 2386 2685 2454 qui
2743 2391 2802 2437 et

457 2478 573 2545 ipse
610 2476 727 2529 huic
766 2477 1060 2530 sententiae
1097 2478 1279 2543 favet).
1318 2480 1451 2531 Huic
1489 2479 1716 2546 opinioni
1755 2496 1783 2530 e
1820 2477 2140 2531 nostratibus
2181 2478 2540 2530 Hoffmannum
2576 2477 2670 2541 (W
2676 2476 2797 2528 eis-

458 2583 664 2632 sagung
702 2550 800 2618 und
840 2569 1115 2635 Erfiillung
1150 2571 1198 2637 2,
1237 2569 1541 2633 276-278)
1580 2570 1883 2621 accessisse
1920 2571 2084 2621 video.
2139 2570 2245 2622 Sed
2280 2571 2453 2621 obstat
2491 2583 2537 2620 v.
2577 2569 2661 2619 21.
2701 2568 2792 2618 22.

457 2685 527 2695 -
565 2658 699 2708 Alii
733 2663 789 2708 ut
828 2674 856 2709 e
892 2659 1271 2711 recentioribus
1309 2673 1497 2711 rursus
1520 2660 1577 2711 B.
1597 2658 1903 2711 Scheibel
1940 2660 2029 2724 (cf.
2052 2659 2291 2712 Schottl.
2313 2657 2384 2723 3.)
2422 2673 2519 2709 nos
2550 2656 2812 2721 ablegant‘

460 2747 523 2808 ad
558 2747 800 2798 calculum
841 2749 1097 2815 divinum3
1135 2750 1245 2801 Deo
1276 2749 1409 2802 enim
1437 2749 1574 2800 mille
1600 2750 1722 2800 anni
1747 2755 1871 2800 sunt
1899 2749 2057 2801 veluti
2084 2752 2197 2802 dies
2231 2765 2381 2801 unus.
2420 2749 2526 2802 Sed
2545 2748 2791 2810 Christus

459 2837 713 2887 hominum
764 2839 937 2907 utique
986 2841 1325 2891 docendorum
1377 2856 1539 2891 causa
1588 2836 1766 2904 lingua
1813 2836 2036 2891 humana
2076 2841 2391 2909 loquebatur.
2437 2868 2508 2878 -—
2555 2837 2681 2893 Atii
2724 2837 2794 2888 ad

454 2925 779 2994 propheticae
820 2927 1042 2978 visionis
1080 2928 1300 2978 indolem
1337 2928 1584 2995 redeunt,
1637 2928 1717 2979 cui
1754 2927 1910 2994 longe
1946 2928 2199 2979 distantia
2234 2928 2463 2996 proxime
2499 2924 2794 2995 postposita

457 3016 666 3083 possint
702 3016 902 3067 videri:
942 3017 1281 3068 namsseeuas
1319 3030 1512 3084 quoque
1550 3018 1793 3084 quasdam
1829 3019 2063 3069 videmus
2099 3034 2256 3086 prope
2294 3020 2625 3082 conjunctas,
2660 3030 2793 3082 qua-

457 3120 568 3156 rum
605 3104 738 3158 aliae
775 3104 928 3169 longo
965 3109 1098 3171 post³
1123 3105 1256 3156 alias
1282 3105 1449 3172 spatio
1478 3105 1682 3171 positae
1704 3110 1839 3157 sunt.
1880 3107 1985 3159 Sed
2009 3108 2071 3158 de
2098 3106 2196 3159 hac
2224 3107 2402 3158 fraude
2431 3101 2599 3173 optica
2630 3118 2794 3170 supra

461 3193 771 3260 disputatum
818 3193 902 3259 (p.
941 3191 1010 3257 9)
1057 3198 1109 3244 et
1159 3193 1369 3245 nonnisi
1405 3194 1486 3245 sic
1522 3193 1656 3244 hanc
1691 3194 1979 3261 opinionem
2013 3185 2222 3261 probari
2256 3210 2416 3261 posse
2454 3192 2792 3259 ostendimuS,

460 3287 517 3348 ut
566 3297 694 3333 nexu
743 3280 944 3332 interno
992 3297 1150 3349 eoque
1198 3281 1428 3349 proximo
1480 3287 1724 3350 utrosque
1776 3288 1994 3334 eventus
2045 3286 2348 3347 conjunctos
2399 3298 2526 3334 esse
2578 3284 2791 3334 eluceat.

461 3372 566 3425 Sed
611 3386 888 3439 quanquam
939 3371 1078 3422 notio
1114 3371 1296 3435 judicii
1344 3373 1623 3437 conjungat
1656 3372 2134 3440 Hierosolymorum
2180 3373 2427 3444 excidium
2456 3349 2585 3425 'cum
2633 3373 2792 3423 rebus

459 3461 689 3526 ultimis,
745 3465 911 3512 tamen
957 3461 1091 3513 idem
1143 3476 1304 3512 noxus
1353 3461 1405 3511 in
1453 3460 1573 3512 aliis
1621 3478 1813 3530 quoque
1849 3461 2067 3525 judiciis
2118 3463 2169 3513 in
2218 3462 2473 3514 historiae
2519 3464 2790 3528 decursum

461 3551 760 3609 cadentibus
801 3550 984 3601 obvius
1023 3554 1122 3600 est.
1158 3549 1543 3602 AJudaeorum
1578 3547 1758 3615 strage
1797 3552 1862 3602 ad
1899 3539 2176 3604 extremum
2209 3552 2455 3616 iudicium
2491 3551 2788 3604 transeundi

461 3640 757 3691 necessitas
798 3644 886 3688 aut
921 3637 1138 3689 libertas
1176 3643 1296 3689 tunc
1334 3643 1482 3688 esset
1518 3638 1874 3706 suppeditata,
1928 3640 1977 3691 si
2013 3640 2397 3707 Hierosolymis
2436 3639 2785 3705 dirutis'opus

460 3728 738 3794 Evangelii
776 3728 828 3778 in
868 3728 991 3778 orbe
1025 3731 1283 3778 terrarum
1318 3726 1680 3793 perficiendum
1716 3729 2005 3781 absolutum
2042 3733 2208 3782 esset.
2247 3731 2390 3792 Quod
2423 3745 2573 3798 quum
2591 3743 2787 3792 negan-

461 3818 577 3870 dum
601 3803 691 3884 sit,
728 3816 1013 3884 neg-,andum
1051 3831 1261 3884 quoque,
1302 3815 1564 3868 Christum
1603 3821 1770 3872 vatem
1807 3833 2058 3884 veracem⁸
2080 3818 2251 3870 dicere
2288 3820 2554 3885 potuisse:
2591 3811 2787 3876 εὐθέως

461 3909 582 3972 post
629 3905 753 3955 illud
800 3906 959 3956 fatum
1006 3903 1487 3970 Hierosolymorum
1539 3905 1731 3957 redibo.
1770 3933 1837 3943 -
1871 3906 2004 3957 Alii
2054 3906 2267 3958 criticas
2313 3908 2585 3960 adstruunt
2626 3912 2782 3959 artes.

462 3991 702 4045 Weber
736 3993 1034 4045 vocabulum
1072 3985 1273 4051 εὐθέως
1308 3992 1488 4044 versui
1525 3994 1593 4045 28
1630 3994 1799 4061 addit,
1837 3995 1968 4048 scite
2007 3994 2241 4061 allegans
2278 3996 2393 4048 Job.
2412 3995 2648 4061 XXXIX,
2683 3996 2746 4048 30
2759 4015 2783 4064 ς

461 4081 764 4149 particulam
799 4079 867 4133 δέ
898 4081 1192 4147 transponit
1226 4086 1346 4148 post
1376 4076 1536 4153 μετὰ.
1595 4082 1697 4135 Sed
1734 4083 2096 4136 recusantibus
2134 4084 2222 4135 ille
2259 4084 2492 4138 omnibus
2528 4085 2778 4138 codicibus

465 4174 519 4223 et
567 4168 895 4221 versionibus
942 4169 1162 4238 antiquis
1201 4168 1430 4235 (Schott
1462 4169 1498 4221 1.
1537 4185 1582 4225 3.
1616 4186 1667 4238 p.
1706 4169 1822 4236 95).
1878 4172 2007 4235 Quid
2043 4173 2105 4225 de
2144 4188 2304 4226 versu
2340 4171 2410 4225 34
2444 4172 2577 4227 viris
2619 4172 2778 4227 doctis

461 4258 727 4328 placuerit,
762 4258 899 4310 intra
932 4258 1232 4311 videbimus.
