2934 4797
1576 251 1661 319 38

402 496 407 507 Δ
460 437 729 494 catorum
781 432 1211 493 remissionem
1266 438 1328 494 et
1384 448 1616 522 novam,
1657 451 1729 496 ex
1789 431 1989 496 divino
2036 434 2269 497 semine
2318 433 2812 515 generationem

459 537 809 619 (Luc.,.Vlll,
844 537 959 601 11.
1005 537 1105 602 15.
1153 537 1372 609 saeui,
1425 539 1525 604 18.
1575 538 1706 621 25),
1752 546 1818 602 ut
1862 543 2033 604 anxie
2075 547 2145 602 et
2189 556 2496 621 suspense
2526 549 2812 620 possent

459 646 737 709 conversi
783 663 925 707 esse
973 644 1050 707 ad
1073 643 1377 737 Messian}
1416 647 1709 727 temporis
1754 647 1996 726 plenam
2023 648 2069 713 i.
2109 666 2164 711 e.
2196 655 2503 712 externam
2539 624 2808 729 quoque

390 780 393 789 ·
456 753 1024 829 manifestationem,
1082 752 1198 815 sed
1241 771 1348 815 ore
1393 753 1571 816 hilari
1615 753 1840 816 mundo
1888 754 2241 835 praedicant
2266 751 2370 820 τὸν
2397 761 2656 825 πλοῦτον
2683 764 2810 838 τῆς

457 856 759 942 Χάριτος,
825 858 1126 920 occultam
1174 859 1398 920 amoris
1456 859 1795 925 claritatem
1848 863 1911 921 in
1966 862 2346 941 passionibus
2389 856 2807 942 perspicuam

458 971 696 1037 norunt,
737 965 937 1045 ‘eAque
982 965 1104 1043 ipsi
1147 964 1385 1043 fulgent
1424 972 1491 1028 et
1528 982 1668 1026 cum
1697 946 2101 1046 christopau
2147 986 2271 1029 non
2317 977 2617 1042 recusant,
2659 971 2806 1032 sed

456 1091 726 1136 summae
756 1073 874 1141 sibi
902 1074 1128 1154 gloriae
1178 1072 1430 1139 ducunt.
1482 1073 1685 1149 Quare
1734 1073 1820 1157 (in
1866 1094 1984 1157 quo
2030 1077 2256 1139 multos
2303 1096 2540 1144 errasse
2578 1078 2800 1161 video)

455 1197 597 1260 spes
623 1182 911 1259 ipsorum,
961 1178 1266 1241 Christum
1310 1180 1479 1242 brevi
1524 1179 1873 1254 rediturum,
1911 1201 2034 1243 non
2076 1181 2297 1244 eodem
2332 1182 2485 1246 loco'
2505 1185 2802 1249 habenda

457 1289 604 1359 erit,
671 1305 789 1367 quo
835 1286 1201 1349 ludaeorum
1247 1289 1662 1367 superstitiosa
1706 1290 1934 1369 opinio,
1988 1291 2340 1370 passionem
2385 1300 2447 1354 et
2490 1292 2797 1357 Messiam

457 1396 786 1474 patientem
828 1397 1270 1467 recusantium,
1327 1395 1716 1476 magnificum
1764 1404 1826 1459 et
1872 1398 2203 1478 gloriosum
2248 1404 2642 1481 summopere
2686 1422 2795 1465 ex-

451 1504 826 1582 petentium;
874 1502 989 1564 sed
1035 1521 1173 1565 cum
1217 1503 1365 1565 boni
1413 1504 1673 1567 absoluti
1695 1504 1824 1583 Jam
1854 1513 2169 1585 compotes
2195 1525 2266 1568 se
2302 1507 2495 1570 factos
2531 1512 2794 1584 scirent,

455 1610 655 1672 animo
713 1617 886 1672 erant
938 1626 1130 1691 aeque
1186 1611 1414 1685 laturo,
1482 1600 1534 1672 si
1585 1614 1785 1696 serius
1835 1612 2108 1675 Christus
2153 1613 2415 1688 rediret3
2453 1598 2623 1697 'spes
2682 1617 2796 1680 illa

452 1717 596 1781 alias
650 1734 897 1796 prorsus
951 1717 1194 1789 radices
1247 1718 1310 1778 in
1363 1720 1656 1797 ipsorum—
1681 1721 1902 1783 animis
1948 1719 2238 1782 habuisse
2285 1719 2549 1795 videtur,
2617 1724 2794 1785 desi-

454 1822 692 1888 derium
737 1826 876 1888 dico
924 1844 1047 1889 non
1093 1834 1214 1889 tam
1260 1827 1567 1893 mercedis
1615 1834 1677 1893 et
1715 1829 1941 1909 gloriae
1989 1828 2318 1903 suae,'setl
2364 1832 2588 1894 amoris
2632 1833 2790 1896 lesu

456 1932 696 2006 Christi,
745 1938 1088 2014 quemnon
1117 1931 1396 1997 videntes
1445 1933 1785 2013 diligimus,
1832 1933 2038 2015 videre
2086 1942 2287 1997 antem
2330 1936 2535 2007 talem.
2584 1941 2788 2020 qualis
2899 1964 2900 2007 3

455 2048 582 2112 est,
651 2058 724 2102 ex
766 2043 969 2103 animo
1015 2056 1298 2115 avemus;
1362 2060 1490 2107 nco
1527 2061 1652 2104 non
1698 2041 2073 2105 desideriunt
2118 2046 2481 2120 incrementi
2529 2053 2592 2108 et
2611 2066 2788 2127 ,per-
2899 2030 2900 2043 ¹

450 2148 729 2211 fectionis
777 2148 1083 2211 ecelesiae
1133 2149 1367 2213 Christi.
1461 2147 1666 2223 Quare
1713 2149 1797 2210 nil
1842 2148 2013 2212 vides
2051 2140 2484 2230 impatientiae,
2526 2156 2624 2215 aut
2671 2153 2782 2216 do-

453 2256 618 2329 loris,
666 2268 805 2318 cum
835 2257 1139 2329 Christum
1174 2263 1513 2319 morantem
1548 2256 1853 2330 viderent,
1903 2256 2017 2318 sod
2053 2275 2283 2320 moram
2320 2277 2516 2341 aeque
2557 2261 2782 2334 ferunt,

452 2364 915 2444 longanimitatis
963 2365 1198 2428 divinae
1244 2370 1497 2437 testem,
1544 2370 1744 2427 tantae
1791 2365 2105 2427 hominum
2151 2367 2517 2432 multitudini
2566 2368 2781 2446 salutis

455 2471 819 2535 obtinendae
870 2471 1220 2534 facultatem
1274 2472 1691 2551 praebentem.
1786 2470 2069 2562 Ceterum
2123 2490 2266 2533 cum
2299 2479 2407 2536 ⁴tot
2449 2475 2569 2537 illis
2616 2476 2776 2537 locis

455 2595 633 2658 supra
681 2579 870 2639 allatis
916 2578 1056 2639 talia
1102 2577 1322 2640 Christi
1371 2575 1548 2639 effata
1592 2577 1856 2656 ingenue
1900 2577 2186 2651 afferant,
2238 2598 2396 2658 quae
2430 2584 2563 2660 spei
2608 2574 2776 2662 ipso‘-
2899 2561 2900 2576 ἶ

455 2704 590 2747 rum
635 2685 886 2750 minime
931 2685 1242 2757 favebant,
1293 2683 1432 2757 sed,
1490 2687 1578 2747 uti
1624 2684 1843 2746 clarius
1889 2692 2028 2764 post
2071 2692 2161 2747 tot
2202 2686 2521 2766 interjecta
2567 2691 2778 2752 secula

456 2794 632 2856 nobis
679 2792 887 2855 videre
935 2794 1179 2872 obtigit,
1227 2791 1730 2865 adversabantur,
1776 2791 1839 2853 id
1884 2809 2123 2874 quoque
2170 2813 2292 2856 non
2337 2814 2581 2875 parvum
2626 2797 2780 2859 mihi

455 2900 701 2964 videtur·
719 2902 1132 2964 testimonium
1176 2920 1301 2963 non
1344 2901 1545 2962 solum
1595 2900 1876 2963 candoris
1907 2908 1970 2965 et
1993 2902 2244 2981 ingenui
2274 2905 2461 2968 animi
2490 2905 2775 2983 ipsorum,
2899 2901 2900 2940 ³

458 3003 572 3071 sed
619 3011 801 3072 etiam
845 3027 1024 3073 verae
1071 3009 1290 3071 Christi
1335 3008 1721 3088 cognitionis.
2310 3069 2317 3077 .

635 3112 716 3194 Ο)
766 3117 1087 3197 Superest,
1134 3123 1199 3179 ut
1237 3134 1310 3179 ea
1358 3134 1600 3197 quoque
1647 3118 2115 3198 perlustremus,
2172 3097 2327 3198 quae
2377 3119 2769 3182 Christus.de

458 3223 859 3303 Evangelii·
898 3223 1213 3286 decursu
1267 3231 1337 3286 et
1384 3238 1744 3286 successu
1795 3225 2151 3288 historico
2208 3226 2584 3305 patefecerat
2636 3235 2773 3290 ante

463 3332 967 3411 eschatologicam
1011 3331 1199 3393 nostri
1248 3332 1460 3412 capitis
1508 3333 1865 3395 orationem.

635 3437 1026 3518 Evangelium
1091 3421 1750 3500 debet-secernere
1816 3443 1881 3499 et
1949 3436 2326 3511 dirimere,
2400 3442 2769 3519 quae‚1nale

466 3543 787 3623 conjuncta
834 3552 1006 3619 sunt,
1056 3551 1153 3612 est
1199 3548 1364 3608 ensis
1409 3547 1600 3607 instar
1642 3545 1705 3606 in
1750 3553 1971 3609 terram
2019 3545 2282 3624 dejecti,
2348 3545 2772 3640 discordiarum

463 3654 599 3718 fons
647 3660 709 3715 et
754 3672 972 3717 caussa
1019 3652 1252 3738 (Matth.
1301 3653 1370 3726 X,
1418 3649 1520 3717 34.
1570 3650 1701 3736 35).
1747 3653 1831 3717 Ea
1868 3656 2035 3717 enim
2083 3653 2344 3716 conditio
2393 3661 2489 3717 est
2532 3659 2765 3737 generis

465 3762 743 3835 humani,
807 3767 874 3823 ut
917 3761 1189 3823 bellum
1237 3759 1456 3822 debeat
1500 3760 1731 3821 anteire
1775 3779 2028 3840 pacem
2073 3758 2267 3834 illam,
2313 3760 2377 3823 in
2421 3765 2765 3843 angelorum

470 3873 827 3935 salutatione
884 3890 1022 3934 cum
1072 3871 1285 3933 Christi
1332 3870 1642 3932 nativitate
1689 3872 1869 3933 nobis
1922 3872 2306 3951 promissam.
2388 3873 2768 3952 Evangelium

469 3981 727 4061 primum
777 3979 972 4042 bellax
1027 3986 1119 4041 est
1175 3983 1354 4056 atque
1410 3977 1697 4043 militans.
1769 3978 1902 4040 Nec
1956 3977 2154 4042 solum
2205 3979 2443 4042 interne
2489 3981 2665 4060 longo
2710 3988 2768 4046 et

471 4087 728 4167 perenni
768 4084 1001 4164 judicio
1048 4085 1316 4146 secernit
1361 4102 1396 4146 a
1439 4084 1609 4147 falsis
1643 4102 1816 4157 vera,
1881 4102 1916 4146 a
1967 4093 2219 4164 peccato
2265 4086 2533 4149 indolem
2580 4088 2766 4153 divini-

471 4194 607 4258 tatis
655 4210 946 4273 capacem·
987 4190 1194 4274 (Hebr.
1239 4191 1337 4264 IV,
1389 4189 1515 4275 12),
1565 4190 1679 4253 sed
1724 4192 1895 4256 crisis
1939 4192 2043 4253 illa
2089 4198 2331 4255 externa
2375 4206 2616 4275 quoque
2661 4198 2766 4260 erit

478 4311 539 4368 et
582 4308 830 4367 cruenta
872 4289 1123 4383 (Matth.
1157 4298 1227 4374 X,
1279 4297 1557 4367 16-18.
1602 4298 1709 4367 25.
1759 4298 1876 4398 28.
1911 4298 2016 4368 35.
2064 4297 2195 4384 36).
2262 4300 2420 4368 Odio
2480 4305 2595 4368 erit
2633 4305 2762 4368 reli·
