2934 4797
552 1346 557 1351 ,
650 1243 1090 1360 mmm
1195 1240 2011 1358 ARGUMENTUM.
2125 1268 2130 1279 ·

1139 1508 1537 1517 ψ

322 1662 585 1713 Praefatio
621 1664 798 1714 brevis
837 1681 884 1729 p.
922 1664 1016 1716 ΠΙ.
1056 1665 1143 1716 lv.

182 1758 220 1807 Ι,
278 1759 537 1810 Articulos
594 1761 836 1828 quosdam
890 1768 941 1811 et
995 1762 1142 1830 quasi
1197 1776 1448 1813 eae-suras
1500 1760 1746 1811 orationis
1804 1757 2000 1810 Christi
2062 1757 2240 1810 Matth.
2304 1755 2495 1806 XXIV.

322 1855 550 1922 (parall.)
589 1858 787 1925 anquiri
825 1873 1045 1908 neeesse
1083 1864 1168 1910 est
1200 1875 1248 1925 p.
1290 1857 1489 1924 1—133
1528 1857 1712 1908 etenim

252 1952 306 2016 a)
344 1959 485 2004 oerte
520 1955 638 2006 inde
676 1972 707 2004 a
743 1971 794 2005 v.
836 1957 899 2005 15
938 1971 1045 2022 sqq.
1085 1972 1183 2006 non
1221 1957 1283 2006 de
1321 1951 1422 2005 una
1467 1970 1524 2005 re
1561 1950 1813 2005 historica
1849 1952 2092 2004 Christus
2141 1950 2391 2018 loquitur,
2444 1950 2497 2000 id

321 2053 451 2117 quod
487 2051 743 2102 nonnullis
780 2053 994 2118 placuit,
1042 2054 1137 2103 sed
1174 2054 1237 2102 de
1274 2053 1475 2103 eventis
1513 2050 1743 2118 pluribus
1781 2044 1946 2119 iisque
1987 2049 2230 2100 diversis.
2261 2066 2306 2116 p.
2342 2048 2493 2098 1—8.

250 2146 301 2211 b)
340 2147 634 2216 anquirendi
657 2149 974 2199 necessitate
1006 2145 1219 2217 quadam
1243 2148 1531 2216 dogmatica
1550 2149 1847 2213 Theologus
1874 2147 2218 2212 obstringitur
2233 2162 2281 2212 p.
2303 2145 2495 2196 8—13.

182 2243 250 2295 11.
290 2244 527 2297 Historia
560 2261 734 2297 eorum
764 2250 1028 2308 narratur,
1062 2247 1147 2313 qui
1174 2262 1441 2299 eaesuram
1470 2248 1607 2297 illam
1636 2246 1685 2295 in
1719 2249 1864 2309 parte
1891 2240 2144 2294 historie&
2171 2243 2243 2308 (v.
2267 2242 2500 2304 15—35)

323 2345 589 2408 quaerunt,
627 2343 721 2393 sed
752 2341 843 2410 ita,
881 2350 933 2393 ut
953 2344 1329 2409 supersedeant
1347 2338 1567 2396 caesura
1585 2337 1671 2411 ea,
1709 2357 1835 2411 quae
1866 2346 1950 2392 est
1967 2339 2147 2392 Matth.
2169 2356 2218 2392 v.
2239 2340 2323 2392 29.
2345 2356 2392 2407 p.
2418 2339 2497 2390 13.

252 2441 307 2503 a)
333 2439 581 2502 judicium
617 2440 783 2492 fertur
818 2441 880 2492 de
922 2441 1017 2506 iis,
1056 2442 1137 2509 qni
1175 2447 1334 2508 post
1370 2457 1416 2493 ν.
1457 2440 1525 2492 29
1571 2440 1785 2505 gradum
1820 2438 1910 2503 figi
1945 2437 2138 2491 volunt.
2184 2454 2232 2504 p.
2274 2436 2495 2489 13—16.

254 2535 307 2599 b)
344 2536 405 2587 de
441 2534 535 2601 iis,
587 2537 669 2604 qui
710 2542 864 2588 ante
902 2553 950 2589 v.
989 2537 1056 2589 29
1103 2533 1423 2589 intervallum
1461 2537 1704 2604 quoddam
1752 2535 1854 2587 sibi
1896 2535 1999 2586 visi
2047 2540 2170 2586 sunt
2211 2535 2497 2596 invenisse,

322 2648 418 2699 quo
456 2648 489 2683 a.
522 2633 775 2684 Judaismi
814 2640 992 2700 strage
1030 2635 1202 2686 mundi
1236 2636 1386 2685 finem
1425 2638 1745 2700 separarent.
1782 2648 1829 2698 p.
1873 2631 2090 2683 16—24.

254 2730 307 2793 e)
343 2731 405 2781 de
448 2728 517 2780 iis
566 2731 768 2796 agitur,
824 2731 1004 2798 quibus
1052 2731 1220 2798 plaeet
1255 2731 1521 2784 Christum
1567 2729 1856 2781 alternatim
1908 2744 2040 2780 nuno
2089 2730 2151 2779 de
2186 2729 2496 2781 Judaeornm

320 2831 530 2894 strage,
569 2844 699 2879 nune
735 2829 797 2878 de
832 2828 1002 2880 mnndi
1039 2829 1475 2880 consummatione
1511 2829 1669 2880 verba
1705 2827 1914 2878 faeere:
1952 2826 2027 2877 ita
2065 2830 2250 2898 tamen,
2286 2830 2343 2877 ut
2378 2826 2498 2893 quid

321 2925 384 2974 ad
422 2925 720 2976 alterutrum
754 2925 1010 2990 pertineat
1044 2931 1303 2992 eventum,
1341 2926 1640 2977 discernere
1678 2929 1940 2977 conentur.
1977 2941 2025 2991 p.
2065 2922 2287 2974 25-26.

255 3022 528 3075 Conclusio
548 3042 565 3072 .·
603 3024 797 3074 Versui
835 3022 902 3073 29
937 3024 1118 3075 inesse
1154 3023 1450 3090 primariam
1489 3023 1655 3089 partis
1684 3022 1965 3073 historicae
1993 3036 2263 3074 caesuram
2292 3025 2498 3087 propter

321 3121 479 3171 verba
493 3117 634 3190 μετὰ
654 3116 755 3187 τὴν
772 3122 972 3190 θλίψιν
997 3120 1110 3173 τῶν
1137 3113 1362 3191 ἡμερῶν
1382 3117 1637 3184 ἐκείνων,
1662 3120 1807 3170 modo
1836 3118 2077 3183 negativo
2106 3119 2368 3185 probatum
2398 3122 2496 3168 est.

252 3216 368 3267 Jam
405 3233 529 3269 vero
569 3235 629 3270 eo
669 3221 830 3283 major
866 3220 1015 3269 adest
1052 3219 1198 3270 voeis
1236 3212 1438 3277 εὐθέως
1475 3234 1523 3269 v,
1562 3217 1647 3270 29.
1696 3222 1748 3268 et
1792 3232 1981 3269 versus
2030 3217 2099 3269 34
2135 3216 2428 3269 difficultas.

270 3333 279 3338 ·
324 3314 673 3367 Renunciatur
707 3314 885 3381 pravis
923 3315 1219 3382 quibusdam
1258 3315 1467 3380 effugiis
1503 3333 1554 3382 p.
1592 3313 1817 3366 26—28.

190 3411 282 3462 111.
319 3408 464 3463 Novit
500 3409 586 3462 viti
620 3412 962 3464 incedendum.
1001 3429 1049 3479 p.
1087 3411 1311 3464 28-90.

260 3508 306 3558 1.
342 3509 474 3561 Viae
523 3510 814 3562 delineatio.
861 3527 908 3577 p.
956 3510 1180 3562 28-32.
1253 3510 1311 3561 In
1361 3510 1579 3560 medium
1623 3510 1852 3560 voeanda
1886 3514 2008 3560 sunt
2039 3509 2280 3560 nonnulla
2314 3524 2346 3559 a
2387 3507 2503 3575 ple-

326 3605 502 3674 risque
536 3607 935 3674 praetermissa,
986 3623 1164 3673 nempe
1202 3611 1254 3657 et
1289 3606 1500 3658 seetio
1538 3605 1737 3671 prima
1772 3606 1979 3671 (Matth.
2015 3621 2064 3656 ν.
2105 3605 2357 3671 3-14.),
2407 3621 2504 3672 qua

327 3701 462 3752 satis
499 3701 757 3753 intellecta
789 3704 953 3755 lueem
988 3704 1234 3770 quandam
1270 3701 1365 3754 toti
1411 3702 1568 3768 eapiti
1603 3701 1779 3754 XXIV
1824 3703 2121 3754 affulseram
2156 3703 2361 3769 sperari
2407 3703 2503 3754 de-

331 3800 445 3865 bet3
482 3798 673 3851 ideireo
708 3800 1025 3868 inspicienda
1043 3801 1197 3852 etiam
1232 3800 1533 3852 doetrina'
1565 3799 1819 3851 Christi
1857 3799 2349 3864 esehatologiea
2384 3799 2501 3851 alibi

328 3898 460 3965 apud
495 3898 808 3965 Synoptieos
844 3913 1141 3952 oeeurrens.

295 3995 361 4061 A)
402 3997 682 4063 Exponitur
720 3997 917 4048 Christi
954 3996 1188 4049 doctrina
1223 3999 1285 4049 de
1323 3996 1496 4061 operis
1535 3996 1617 4046 sui
1655 3995 1822 4046 indole
1860 4000 1912 4047 et
1945 3992 2130 4047 natura
2161 4013 2209 4064 p.
2241 3995 2466 4047 32—34.

293 4095 364 4157 Β)
400 4096 476 4146 De
515 4091 599 4146 via.
635 4100 687 4146 et
721 4094 952 4160 ratione,
1002 4090 1098 4164 qua
1133 4093 1331 4145 Christi
1370 4109 1609 4159 regnum,
1649 4089 1745 4160 quit
1780 4097 1864 4143 est
1898 4093 2093 4157 indole,
2130 4094 2368 4145 incedere
2405 4094 2502 4144 de-

368 4194 486 4244 beat
518 4210 611 4262 per
640 4193 927 4245 historiam.
966 4191 1192 4244 34-38,

298 4290 362 4353 0)
398 4293 460 4343 de
498 4308 752 4345 eueeessu
789 4290 1061 4355 Evangelii
1099 4288 1348 4342 historieo
1386 4293 1439 4340 et
1470 4289 1629 4339 finali.
1667 4305 1710 4355 p.
1753 4288 1977 4341 38—44.
