2934 4797
1524 261 1611 327 42

408 439 515 508 49.
581 438 775 503 Multo
838 441 1038 503 minus
1088 441 1361 504 Christus
1421 445 1753 502 extremam
1799 442 2107 520 pai-usiam
2152 440 2272 502 hoc
2315 441 2453 503 loco
2500 441 2740 512 innuit3

408 566 545 610 nam
578 565 684 609 eos
722 545 1013 609 adventus
1040 549 1232 627 ipsius
1266 553 1544 627 tempore
1582 548 1642 608 in
1670 544 1899 609 Judaea
1926 547 2140 635 sedem
2176 548 2514 626 primariam
2557 548 2738 609 habi-

406 662 572 716 turos
624 655 751 716 hoc
809 673 990 718 versu
1049 653 1306 717 indicat:
1369 662 1431 718 et
1477 653 1801 717 adventum
1849 673 2027 717 suum
2074 657 2345 735 proxime
2403 657 2740 718 instantem

405 764 523 826 hoe
568 763 706 824 loco
753 781 829 825 eo
873 762 996 825 fine
1043 761 1248 836 refert,
1295 770 1362 826 ut
1397 777 1518 825 ‘eos
1567 764 1919 826 consoletur
1965 768 2027 826 et
2071 763 2390 828 confirmet
2428 766 2490 826 in
2516 781 2740 844 perse·

407 871 751 934 cutionihus
796 890 830 933 a
881 870 1329 934 ludaeorum
1374 878 1558 952 gente
1605 872 2082 938 imminentibus,
2174 872 2737 952 Eodemdenique

410 979 677 1059 pertinet
718 977 852 1051 Joh.
898 978 968 1051 11,
1021 977 1100 1044 19
1147 977 1211 1041 ff.
1261 978 1358 1039 cll.
1407 977 1622 1043 Matth.
1665 976 1864 1053 XXVI,
1912 977 2017 1045 61.
2062 978 2186 1043 Me.
2229 977 2377 1053 XIV,
2425 978 2531 1044 58.
2578 979 2740 1040 Nam

408 1086 509 1148 hic
556 1105 797 1168 quoque
835 1106 903 1149 se
932 1088 1137 1168 templi
1174 1086 1608 1151 devastationis
1638 1082 1881 1153 causam
1906 1088 2037 1150 fore
2066 1087 2330 1152 indicatt
2374 1087 2437 1150 id
2474 1087 2636 1169 quod
2670 1094 2742 1151 et

406 1194 605 1274 ipsum
640 1194 1048 1274 praesentiam
1076 1193 1293 1256 Christi
1338 1201 1478 1274 post
1519 1201 1776 1256 mortem
1815 1212 2016 1268 suam,
2049 1213 2179 1257 seu
2219 1195 2482 1258 reditum
2512 1196 2740 1257 Christi

410 1302 489 1365 ad
518 1302 815 1381 judicium
857 1301 932 1364 de
971 1300 1213 1363 ludaeis
1243 1300 1562 1364 ferendum
1588 1302 1851 1365 involvit.
1927 1303 2125 1382 Atque
2169 1309 2361 1365 testes
2406 1303 2496 1363 illi
2544 1320 2737 1381 quan-

411 1429 595 1492 quam
656 1411 1142 1482 mentiebantur,
1206 1410 1333 1472 veri
1383 1410 1530 1490 quid
1590 1410 1895 1473 dicebant.
1972 1410 2050 1472 cf.
2105 1409 2240 1475 Act.
2299 1410 2405 1484 Vl,
2472 1407 2571 1474 13.
2629 1405 2738 1472 14.

407 1518 582 1580 Falsa
607 1517 1012 1597 proferebant,
1043 1517 1294 1578 minime
1316 1518 1479 1578 enim
1502 1517 1776 1579 Christus
1807 1535 1946 1578 cum
1976 1517 2121 1581 civis
2143 1525 2312 1578 esset
2328 1514 2611 1578 Judaicae
2641 1516 2740 1577 rei

407 1623 720 1705 publicae,
789 1625 1082 1704 templum
1152 1622 1388 1686 diruere
1448 1624 1719 1695 volebam
1792 1640 1931 1687 vera
1997 1625 2428 1696 nihilosecius,
2505 1622 2739 1684 etenim

407 1730 705 1793 indicarat
751 1732 816 1792 in
859 1729 1140 1811 parabola
1187 1729 1398 1791 Matth.
1444 1728 1632 1802 xxn,
1690 1727 1754 1794 6.
1800 1729 2104 1809 apostolos
2151 1747 2295 1791 suos
2344 1736 2613 1810 spretum
2657 1731 2739 1790 iri

412 1845 474 1901 et
518 1844 833 1900 necatum:
893 1855 1105 1918 regem
1157 1844 1361 1900 autem
1415 1839 1602 1918 regni·
1637 1838 1925 1899 coelestis
1970 1837 2190 1900 iratum
2238 1840 2540 1900 exercitus
2585 1855 2739 1899 suos

411 1947 775 2019 missurum,
825 1946 1250 2008 interfectores
1295 1945 1435 2006 illos
1483 1952 1897 2026 peremturum
1944 1951 2005 2012 et
2047 1946 2264 2007 urbem
2304 1964 2517 2008 eorum
2564 1962 2733 2007 com-

405 2055 740 2124 bustarum,
786 2070 841 2114 v.
884 2052 945 2117 7.
990 2052 1161 2114 Idem
1214 2053 1486 2115 innuisse
1533 2051 1767 2114 videtur
1810 2052 2058 2115 historia
2093 2052 2196 2114 illa
2229 2052 2562 2132 parabolae
2594 2052 2732 2115 vice

404 2162 695 2243 fungente
736 2159 950 2226 Matth.
997 2159 1158 2232 XXI,
1210 2162 1311 2225 17.
1364 2159 1465 2226 18.
1518 2159 1621 2227 19.
1710 2161 2074 2223 Praesertim
2108 2178 2253 2223 vero
2301 2161 2420 2223 huc
2457 2162 2734 2241 'pei-tinet

405 2268 683 2353 parabola
730 2267 806 2330 de
853 2268 1043 2331 servis
1090 2269 1423 2347 asperrime
1469 2266 1737 2329 tractatis
1784 2268 1856 2356 ab
1904 2267 2196 2347 operariis
2233 2268 2296 2327 in
2340 2266 2516 2330 vinea
2553 2272 2616 2328 et
2652 2246 2733 2329 de

409 2377 535 2440 filio
581 2377 656 2440 ab
703 2376 853 2457 ipsis
897 2373 1189 2439 trucidato
1216 2373 1365 2448 XXI,
1398 2370 1682 2440 33—46.
1730 2373 1955 2438 Servos
2000 2375 2325 2456 prophetas
2367 2392 2507 2437 esse
2545 2379 2730 2455 patet,

412 2505 565 2566 quos
624 2484 763 2547 alibi
817 2502 853 2546 a
896 2469 1208 2564 Sapientia
1261 2484 1490 2545 missos
1544 2482 1726 2544 docet
1773 2481 1945 2565 (Luc.
1992 2482 2101 2554 XI,
2163 2479 2295 2565 49).
2385 2483 2573 2545 Filius
2633 2490 2732 2544 est

408 2593 571 2656 filius
601 2594 716 2656 Dei
763 2601 826 2655 et
860 2593 1143 2655 hominis.
1191 2590 1467 2671 Operarii
1509 2589 1608 2669 qui
1644 2588 1835 2655 filium
1869 2590 2172 2653 trucidant
2196 2589 2406 2653 Judaei
2442 2590 2727 2660 infideles

412 2710 550 2765 sunt
597 2701 676 2784 (V.
721 2698 852 2778 45).
901 2701 1010 2770 His
1057 2703 1384 2763 annunciat
1427 2718 1482 2762 v.
1524 2696 1645 2764 43:
1685 2695 1782 2763 διὰ
1818 2707 1997 2763 τοῦτο
2039 2699 2181 2782 λέγω
2218 2698 2373 2778 ὑμῖν,
2414 2698 2501 2763 ὅτι
2543 2695 2731 2781 ἀρθῆ-

412 2833 576 2875 σεται
631 2812 730 2891 ἀφ’
777 2809 941 2890 ὑμῶν
986 2807 1023 2891 ἡ
1056 2807 1343 2890 ,βασιλεία
1385 2816 1496 2872 τοῦ
1528 2815 1684 2872 θεοῦ
1720 2808 1815 2872 καὶ
1863 2804 2188 2888 δοθήσεται
2235 2812 2425 2880 ἔθνει,
2470 2813 2732 2872 ποιοῦντι

409 2913 550 2989 τοὺς
599 2915 863 2999 καρποὺς
912 2917 1122 2997 αὐτῆς,
1191 2921 1254 2977 et
1296 2934 1349 2978 v.
1396 2911 1487 2978 44
1538 2913 1875 2976 terribilem
1929 2930 2214 2993 poenam·
2242 2913 2502 2992 indicat,
2550 2931 2730 2993 quam

406 3025 538 3103 ipse
584 3024 762 3095 λίθος
810 3020 1277 3106 προσκόμματος
1333 3027 1396 3084 et
1447 3023 1869 3104 ἀκρογωνιαῖος
1923 3020 2002 3103 (v.
2050 3017 2162 3103 42)
2213 3029 2604 3100 exsecuturus
2651 3023 2733 3084 sit

408 3132 524 3203 ita,
584 3135 651 3192 ut
694 3130 812 3209 ipsi
857 3136 1056 3191 semet
1089 3131 1256 3209 ipsos
1302 3129 1551 3210 puniant
1597 3137 1661 3191 et
1702 3129 1764 3189 in
1811 3131 2136 3190 conterens
2185 3129 2430 3191 exitium
2474 3130 2725 3194 irruant.

412 3235 593 3312 Quod
634 3236 848 3302 Matth.
892 3236 1041 3310 XXI,
1087 3235 1196 3302 43.
1242 3234 1351 3301 44.
1399 3240 1660 3300 minatur
1691 3235 1972 3309 Judaeis,
2020 3235 2083 3298 id
2125 3238 2336 3299 intima
2380 3239 2727 3300 misericor-

411 3344 508 3406 dia
552 3352 894 3407 commotus
941 3344 1109 3407 dolet
1143 3343 1291 3408 Luc.
1319 3344 1469 3416 xlx,
1515 3341 1798 3409 41-44.
1843 3343 2014 3406 Idem
2051 3361 2192 3405 cum
2227 3347 2729 3427 appropinquaret

411 3453 662 3515 intuitus
691 3455 920 3526 urbem,
961 3451 1124 3515 flevit
1154 3452 1230 3515 de
1262 3471 1354 3526 ea,
1405 3452 1655 3514 dicens:
1703 3450 1848 3515 O'si
1883 3458 1947 3513 tu
1979 3470 2218 3532 quoque
2257 3454 2476 3526 scires,
2514 3454 2729 3516 saltem

410 3562 524 3622 hac
580 3561 712 3643 ipsa
771 3560 872 3622 die
931 3561 1065 3633 tuA,
1127 3577 1280 3641 quae
1329 3558 1405 3622 ad
1453 3539 1710 3621 salutem
1762 3566 1930 3621 tuam
1980 3559 2286 3623 facerent!
2351 3560 2526 3622 Nunc
2583 3580 2726 3626 vero

413 3669 649 3732 occulta
694 3675 835 3730 sunt
879 3669 1075 3731 oeulis
1117 3670 1259 3730 tuis.
1309 3667 1672 3749 Oppriment
1713 3668 1883 3728 enim
1928 3674 1989 3729 te
2036 3667 2189 3741 dies,
2234 3668 2342 3730 ubi
2387 3668 2598 3733 hostes
2641 3656 2727 3731 trii

415 3775 874 3839 circumdabunt
926 3783 987 3838 te
1044 3776 1206 3838 mole
1264 3782 1324 3838 et
1389 3775 1633 3854 cingent
1678 3781 2018 3856 augentque
2066 3773 2497 3859 undequaque,
2533 3783 2619 3839 ·et
2662 3784 2724 3840 te

415 3902 554 3946 cum
600 3885 806 3947 liberis
852 3884 969 3947 tuis
1013 3886 1178 3946 humi
1222 3890 1645 3966 prosternent,
1691 3893 1814 3944 nec·
1855 3884 2198 3963 relinquent
2243 3886 2304 3946 in
2348 3892 2411 3948 te
2457 3884 2724 3967 lapidem

414 4009 600 4074 super
674 3992 977 4075 lapidem,
1058 3998 1383 4074 propterea
1465 3989 1627 4071 quod
1685 4007 1836 4050 ‘non
1885 3989 2385 4054 'animadvertisti
2463 3999 2723 4073 tempus,

414 4117 533 4181 quo
594 4102 780 4178 gratia
838 4100 946 4163 tihi
1005 4106 1247 4180 praesto
1315 4106 1463 4161 erat.
1552 4098 1829 4177 Denique
1892 4095 2035 4159 dixit
2091 4095 2298 4180 Matth.
2343 4097 2555 4171 xxm,
2616 4098 2720 4165 37.

412 4205 559 4268 Luc.
607 4203 768 4279 xlll,
816 4204 937 4271 34:
999 4205 1051 4268 Ο
1109 4204 1564 4286 Hierosolyma,
1624 4206 2041 4286 Hierosolyma
2093 4221 2320 4267 necans
2379 4206 2721 4288 prophetas,

412 4315 689 4402 lapidans
735 4313 812 4379 ad
856 4322 920 4378 te
966 4317 1222 4389 missos,
1284 4316 1523 4395 quoties
1574 4315 1733 4378 filios
1785 4323 1923 4378 tuos
1976 4315 2137 4378 volui
2189 4313 2264 4376 ad
2319 4331 2418 4378 me
2466 4333 2721 4400 congre—
