2934 4797
1300 269 1375 335 11

168 464 336 518 vero,
368 444 640 518 eosdem,
664 452 980 526 postquam
1000 445 1272 510 Christus
1296 445 1592 526 judicium
1623 448 1699 510 de
1721 448 2157 530 Hierosolymis
2184 448 2505 511 ferendum

169 552 600 626 manifestaret,
635 569 845 635 parum
877 561 1146 633 promtos
1174 555 1388 627 fuisse,
1421 564 1757 617 extremum
1776 554 2075 632 judicium
2114 557 2185 618 ab
2207 557 2326 617 hoc
2358 576 2505 638 quo·

171 677 293 741 que
323 659 562 737 judicio
596 659 948 723 discernere
981 668 1039 724 et
1060 664 1126 724 in
1145 670 1419 744 tempora
1441 664 1725 726 ulteriora
1742 662 2012 738 differre,
2036 663 2148 726 sed
2175 666 2508 727 inclinasse

169 766 250 829 ad
295 767 758 850 conjungendos
807 776 1064 832 eventus
1112 777 1418 851 utrosque,
1466 774 1556 834 uti
1597 789 1755 833 nunc
1796 761 2003 852 liquet,
2052 773 2235 850 longo
2273 780 2508 852 tempo-

168 872 254 935 ris
320 875 639 938 intervallo
703 875 1015 939 distantes,
1109 878 1525 940 Veruntamen
1580 877 1735 939 haec
1791 896 2032 959 quoque
2097 880 2302 959 opinio
2358 880 2509 942 mihi

172 999 250 1043 eo
294 980 533 1044 videtur
576 981 905 1056 reducere,
951 992 1017 1047 ut
1059 978 1333 1046 faucibus
1379 983 1660 1046 Caudinis
1705 967 2107 1064 implicemur.
2194 986 2298 1047 Sic
2345 987 2511 1047 enim

171 1087 504 1150 fatendum·
540 1092 692 1162 erit,
758 1091 937 1169 longa
993 1091 1239 1172 quidem
1286 1091 1596 1155 Christum
1653 1094 1922 1154 oratione
1993 1095 2301 1173 apostolos
2362 1111 2508 1155 suos

175 1202 238 1257 ct
266 1177 615 1257 ‘ecclesiam
654 1194 803 1278 (Mc.
849 1195 996 1269 xm,
1046 1195 1149 1262 37.
1200 1197 1244 1261 δι’
1286 1199 1348 1263 δὲ
1395 1198 1533 1278 ὑμῖν
1578 1199 1743 1281 λέγω,
1788 1206 1935 1263 πᾶσι
1980 1197 2147 1282 λέγω)
2198 1200 2275 1263 de
2321 1201 2509 1263 rebus

174 1305 460 1365 extremis
514 1305 781 1369 voluisse
844 1305 1146 1380 edocere,
1214 1305 1324 1367 sed
1378 1324 1512 1368 rem
1568 1324 1641 1369 ex
1684 1308 1840 1370 votis
1886 1308 2004 1387 ipsi
2046 1326 2172 1369 non
2220 1309 2510 1382 cessisse,

173 1409 241 1471 in
286 1426 530 1472 cassum
579 1429 720 1472 eum
765 1410 1035 1474 locutum
1074 1430 1243 1485 esse,
1292 1431 1411 1474 nec
1456 1415 1654 1492 ipsam
1694 1414 1942 1492 spiritus
1972 1416 2169 1477 sancti
2213 1415 2512 1479 illumina-

174 1515 408 1579 tionem
473 1520 888 1597 cognitionem
960 1536 1171 1583 eorum
1229 1518 1629 1592 emendasse,
1695 1537 1816 1581 nec
1860 1523 2220 1585 memoriam
2276 1528 2509 1585 rectam

175 1626 327 1707 ipsis
373 1627 742 1688 restituisse.

350 1733 409 1795 Is
458 1733 620 1795 enim
667 1751 1005 1796 consensus
1048 1736 1351 1813 reperitur
1386 1732 1545 1815 apud
1580 1733 1995 1815 Evangelistas
2031 1736 2396 1809 triumviros,
2438 1755 2509 1799 ea

176 1840 523 1912 harmonia,
572 1842 701 1906 sive
729 1843 1072 1922 respexeris
1110 1844 1447 1904 sententias
1479 1843 1603 1905 sive
1649 1843 1861 1915 verba,
1911 1842 2325 1924 orationisque
2370 1863 2509 1925 pro-

175 1965 475 2026 gressum,
522 1955 588 2010 ut
622 1948 694 2010 ab
733 1949 1021 2010 unanima
1048 1949 1473 2028 Apostolorum
1501 1946 1823 2011 traditione
1853 1949 2006 2011 haec
2034 1947 2296 2023 fluxisse,
2339 1950 2505 2029 juste

177 2056 380 2117 omnia
436 2056 799 2135 ponderanti
854 2056 1101 2118 minime
1157 2055 1405 2118 dubium
1461 2074 1603 2119 esse
1656 2058 1869 2135 possit.
1961 2055 2199 2131 Quodsi
2245 2057 2330 2119 illi
2374 2059 2504 2132 viri,

178 2163 279 2243 qui
310 2161 532 2224 Christi
569 2163 644 2225 ad
689 2181 882 2242 genus
911 2162 1242 2225 humanum
1287 2161 1473 2244 legati
1503 2169 1673 2225 erant
1700 2163 1912 2235 futuri,
1960 2170 2023 2225 et
2068 2165 2217 2225 citra
2245 2183 2502 2245 quorum

176 2268 701 2349 praedicationem
763 2271 1028 2348 genuina
1086 2269 1304 2331 Christi
1368 2268 1638 2331 doctrina
1700 2268 1775 2330 ad
1833 2287 1947 2331 nos
2004 2273 2326 2349 pervenire
2389 2290 2510 2334 non

176 2383 428 2458 poterat,
475 2395 657 2457 prave
692 2395 834 2439 eum
865 2377 1315 2450 intellexerunt,
1346 2375 1419 2439 ad
1449 2376 1753 2440 Christum
1781 2374 2144 2441 redundabit
2192 2385 2294 2441 aut
2323 2379 2512 2443 elect·-

177 2487 337 2546 ionis
397 2484 829 2566 discipulorum
878 2504 1000 2548 non
1054 2486 1220 2563 juste
1265 2493 1552 2566 peractae
1608 2493 1707 2548 aut
1762 2487 2155 2566 impotentiae
2217 2490 2510 2569 suspicio.

177 2594 328 2655 Nam
375 2612 513 2655 cum
556 2612 669 2673 per
694 2594 1015 2674 Apostolos
1059 2593 1371 2656 Ecclesiae
1419 2611 1565 2654 suae
1595 2610 1799 2655 rerum
1847 2600 2248 2656 extremarum
2298 2598 2510 2676 cogni·

177 2702 406 2762 tionem
453 2701 901 2762 communicare
948 2701 1236 2772 voluerit,
1297 2700 1574 2779 Apostoli
1611 2706 1813 2761 autem
1858 2703 1965 2776 (ex
2009 2699 2327 2781 hypothesi
2371 2701 2505 2779 illa)

181 2826 305 2868 non
348 2806 533 2869 modo
589 2826 712 2870 non
759 2807 1197 2887 cognitionem,
1262 2805 1374 2868 sed
1422 2824 1662 2867 errores
1708 2795 2086 2878 tradiderint,
2152 2805 2331 2868 Jesus
2379 2811 2513 2888 ipse

179 2916 242 2976 in
297 2913 667 2977 aestimanda
719 2914 1149 2994 Apostolorum
1207 2911 1413 2974 indole
1475 2930 1716 2974 errasse
1781 2911 2076 2974 dicendus
2138 2918 2253 2975 est.
2337 2914 2519 2976 Dicet

181 3023 423 3104 aliquis:
471 3029 676 3095 „recte
709 3020 1053 3094 concludiS‚
1102 3023 1154 3082 si
1200 3039 1302 3083 res
1333 3019 1824 3102 eschatologicae
1854 3022 2006 3082 tanti
2054 3029 2194 3083 sunt
2219 3019 2514 3101 ponderis

183 3138 247 3193 et
292 3131 554 3208 cognitio
595 3147 801 3191 earum
854 3137 979 3192 tam
1038 3130 1420 3201 necessaria,
1479 3134 1546 3189 ut
1591 3145 1959 3208 magnopere
2020 3126 2351 3190 dolendum
2415 3130 2513 3200 sit,

185 3236 346 3319 quod
406 3237 762 3298 insanabilis
824 3235 1257 3316 discipulorum
1319 3235 1467 3297 Jesu
1531 3252 1699 3296 error
1746 3252 1779 3295 a
1835 3251 1976 3295 vera
2037 3234 2115 3299 de
2170 3235 2264 3296 his
2328 3236 2513 3297 rebus

185 3345 452 3423 magistri
501 3344 771 3409 doctrina
817 3364 929 3407 nos
967 3345 1255 3416 seclusit,
1304 3361 1563 3424 eamque
1594 3343 1769 3404 nobis
1806 3343 2167 3424 intercepit3
2219 3341 2334 3404 sed
2360 3343 2515 3404 haec

188 3452 458 3515 doctrina
503 3471 627 3515 non
671 3454 822 3516 tanti
882 3459 978 3514 est
1036 3451 1358 3524 momenti;
1416 3448 1557 3513 ideo
1623 3468 1741 3511 nec
1794 3447 2063 3511 Christus
2119 3450 2199 3512 ita
2260 3451 2517 3512 multum

188 3562 458 3635 curabat,
507 3570 705 3625 utrum
747 3568 918 3624 recte
966 3580 1040 3624 an
1083 3578 1264 3640 prave
1312 3578 1345 3621 a
1383 3560 1509 3621 suis
1555 3558 1999 3636 intelligeretur
2015 3577 2030 3631 ;
2098 3558 2212 3621 sed
2266 3560 2516 3621 nonnisi

188 3668 597 3749 apostolorum
665 3671 965 3731 curiosam
1026 3665 1465 3749 impatientiam
1521 3665 1719 3728 verbis
1782 3663 1997 3725 sedare
2065 3665 2329 3738 volebat,
2392 3685 2516 3728 non

186 3794 394 3838 rerum
440 3777 845 3855 cognitionem
890 3774 1194 3846 allaturis,
1258 3771 1371 3834 sed
1420 3790 1631 3833 eorum
1677 3777 1916 3835 mentes
1964 3770 2283 3833 salubriter
2330 3790 2513 3835 occu-

187 3885 450 3964 paturiS,
490 3883 670 3944 sicuti
704 3897 1031 3963 puerorum
1055 3877 1439 3942 incommoda
1467 3879 1782 3940 curiositas
1824 3877 2067 3957 reprimi
2111 3878 2268 3939 solet
2311 3881 2513 3941 verbis

189 4012 321 4056 rem
384 4010 507 4053 non
570 3990 977 4053 revelantibus
1053 3987 1165 4050 sed
1226 3984 1664 4066 interpretandi
1734 3984 1999 4047 studium
2068 3988 2512 4050 exercentibus,

190 4101 440 4163 Errores
488 4098 922 4178 discipulorum
965 4095 1373 4178 praevidebat,
1422 4092 1533 4157 sed
1577 4093 1740 4174 parvi
1773 4091 2081 4174 pendebat
2118 4093 2181 4153 in
2225 4111 2292 4155 re
2337 4095 2515 4174 parva

191 4222 429 4288 parum·
448 4207 827 4269 nocituros.“
1829 4264 1834 4268 .

208 4307 214 4318 ’
368 4313 433 4375 Si
480 4315 615 4396 quis
674 4316 755 4376 ita
807 4330 938 4374 rem
988 4309 1268 4394 expedire
1329 4316 1605 4383 conatur,
1665 4307 1918 4372 otiosam
1975 4324 2123 4369 sane
2179 4307 2292 4369 sibi
2346 4306 2511 4372 finxit
