2934 4797
1266 270 1358 339 19

146 464 298 512 -vero
357 461 486 524 τοῖς
538 448 809 525 ζἰζανίοις
856 467 970 510 seu
1013 449 1166 523 υἱοῖς
1209 458 1317 514 τοῦ
1359 456 1651 533 πονηροῦ,
1709 446 1818 513 Mt.
1880 446 2043 522 XIII,
2103 445 2211 514 38·
2261 444 2369 514 40.
2417 455 2480 515 et

138 568 285 630 mois·
332 552 683 629 σκανδάλοις
724 573 780 618 V.
827 551 935 618 41.
1010 588 1023 607 ι

331 661 458 725 Sed
514 679 853 743 quanquam
908 661 1188 724 lubenter
1259 661 1684 733 concedimuS‚
1743 661 1839 722 his
1902 658 2137 722 duobus
2200 662 2477 724 versibus

155 765 264 834 27.
314 768 420 834 28.
463 788 588 831 non
640 770 896 849 amplius
957 768 1034 831 de
1088 768 1526 849 Hierosolymis
1555 770 1681 848 agi,
1752 775 1956 830 tamen
2007 786 2256 848 prorsus
2297 788 2475 849 nego,

149 878 510 949 incisuram,
560 894 741 956 quam
788 875 1161 956 quaedamst,
1210 881 1312 939 aut
1355 894 1410 938 v.
1460 874 1545 940 27
1594 882 1693 937 aut
1733 893 1789 938 v.
1840 871 1925 940 26
1971 875 2244 954 reperiri.
2291 875 2480 938 Priori

154 983 428 1062 opinioni
501 984 832 1045 reluctatur
896 1002 950 1046 v.
1012 981 1095 1048 27
1158 982 1446 1062 particula
1521 980 1662 1067 γὰρ,
1740 983 1912 1044 alteri
1973 982 2219 1045 intimus
2265 1002 2479 1045 versus

154 1088 243 1155 26
307 1107 449 1151 cum
510 1088 1021 1161 antecedentibus
1085 1105 1308 1163 nexus,
1374 1089 1477 1170 qui
1549 1087 1852 1152 indicatur
1921 1090 2124 1154 verbis
2190 1086 2293 1155 ἐὰν
2358 1084 2481 1155 οὖν

156 1203 396 1264 εἴπωσιν,
439 1194 575 1274 ὑμῖν
620 1222 668 1263 κ.
710 1218 759 1260 τ.
809 1200 894 1269 L,
958 1195 1287 1258 reluctatur
1330 1197 1573 1276 utrique
1617 1196 1737 1258 loci
1783 1203 1907 1258 tota
1954 1195 2179 1270 facieS,
2227 1216 2347 1259 non
2401 1199 2483 1260 ita

144 1322 309 1366 veane
366 1305 737 1383 composita,
801 1310 868 1366 ut
911 1302 1040 1381 jam
1091 1303 1332 1364 transiri
1377 1310 1663 1384 putemus
1717 1302 1796 1364 ad
1847 1289 2341 1367 vaticinationem
2404 1305 2490 1368 de·

145 1412 342 1473 rebus
390 1416 493 1472 aut
537 1410 912 1481 novissimiS,
962 1416 1064 1471 aut
1090 1411 1555 1473 novissimorum
1589 1411 1780 1488 signis
1826 1409 2277 1489 proferendam,
2317 1419 2482 1491 post-

159 1534 335 1597 quam
382 1524 561 1580 antea
606 1516 1020 1595 tantummodo
1068 1515 1144 1578 de
1189 1516 1629 1596 Hierosolymis
1677 1535 1880 1578 sermo
1938 1518 2151 1582 fuerat.
2246 1520 2485 1584 Verba

158 1642 214 1687 v.
247 1622 352 1689 27.
380 1622 486 1689 28.
519 1623 680 1689 enim
709 1623 1072 1685 hocloco
1110 1641 1258 1686 non
1297 1625 1908 1686 vaticinationis
1949 1641 2186 1687 causa
2220 1628 2483 1705 posita

163 1748 346 1791 esse
411 1736 771 1811 apparet,
851 1728 990 1792 sed
1057 1728 1641 1793 admonitionis
1708 1737 1782 1792 et
1845 1730 2288 1794 doetrinae.
2392 1736 2484 1797 Ne

162 1835 443 1915 discipuli
484 1835 836 1901 fallerentur
877 1854 910 1897 a
940 1835 1495 1916 Paetidopropbetis
1542 1843 1602 1901 et
1645 1836 2145 1910 Pseudochristis,
2192 1841 2486 1918 promissa

165 1943 376 2005 sensui
445 1943 676 2007 carnali
732 1961 1025 2024 perquam
1075 1950 1236 2024 grata
1293 1944 1537 2006 facturis
1600 1951 1661 2007 et
1720 1944 2041 2008 illecebras
2107 1944 2485 2012 dulcissimas

164 2054 508 2126 structuris,
574 2052 747 2121 dicit:
807 2050 887 2135 μὴ
929 2050 1305 2134 πιστεύσητε,
1376 2062 1437 2117 et
1498 2061 1564 2117 ut
1614 2063 1850 2117 'certum
1910 2058 2150 2137 signnm
2205 2057 2484 2131 habeant,

167 2178 284 2240 quo
340 2159 580 2221 illorum
636 2160 963 2222 falsitatem
1021 2166 1377 2238 agnoscant,
1443 2161 1639 2240 pergit
1688 2178 1743 2222 v.
1808 2160 1944 2226 27..
1975 2161 2082 2228 28.
2146 2162 2485 2243 quando·
2595 2214 2600 2221 .

114 2326 121 2336 ,
167 2286 472 2348 cunque
518 2268 758 2348 parusia
804 2285 914 2329 sua
944 2269 1229 2345 eveniat,
1276 2267 1354 2328 de
1394 2266 1565 2345 cujus
1602 2274 1878 2348 tempore
1916 2269 2033 2330 hoc
2071 2268 2311 2351 quoque
2349 2273 2486 2334 loeo

164 2374 312 2438 nihil
358 2374 571 2439 effatus
619 2383 746 2449 est,
804 2374 955 2438 illud
999 2377 1150 2455 ipsis
1198 2373 1426 2437 debere
1476 2383 1707 2437 eertum
1755 2393 1928 2449 esse,
1989 2394 2110 2438 non
2170 2379 2484 2453 occultam,

108 2531 123 2542 .
167 2465 551 2563 singularem,
598 2484 1022 2574 particularem
1069 2502 1203 2546 eam
1250 2484 1400 2555 fore,
1447 2501 1569 2544 non
1615 2487 1722 2546 uni
1768 2484 1904 2546 loco
1951 2484 2326 2559 adstrictam,
2374 2484 2488 2548 sed

166 2594 511 2655 universum
563 2592 774 2652 orbem
826 2599 1122 2652 terrarum
1184 2588 1680 2661 collustrantem,
1743 2607 1855 2651 seu
1899 2591 2027 2652 miti
2073 2591 2300 2672 gratiae
2347 2592 2485 2653 luce

168 2696 270 2779 (cf.
297 2696 510 2760 Matth.
540 2692 835 2769 xlm-42.
884 2705 949 2758 et
970 2694 1076 2766 Lc.
1106 2693 1265 2767 XXI,
1296 2693 1406 2777 28)
1453 2713 1568 2757 seu
1616 2694 1938 2758 devorante
1978 2693 2191 2774 judicii
2234 2697 2485 2760 fulmine

168 2804 397 2887 (Malui.
444 2802 643 2877 XXIV,
707 2823 763 2867 v.
815 2803 918 2869 27.
969 2800 1123 2884 28.).
1212 2803 1536 2866 Praeterea
1592 2800 1906 2870 difficultas
1960 2805 2213 2867 voculae
2260 2807 2489 2881 εὐθέως

166 2931 244 2974 ne
301 2914 391 2974 sic
446 2910 695 2991 quidem
749 2909 1023 2990 expedita
1077 2917 1272 2982 esset,
1350 2912 1404 2971 si
1469 2893 1650 2973 verba
1703 2929 1795 2973 vv.
1845 2909 1952 2975 27.
2000 2910 2087 2977 28
2134 2910 2211 2973 de
2248 2916 2488 2993 parusia

164 3018 414 3090 Christi,
475 3019 575 3081 vel
637 3019 957 3091 continu-i,
1028 3017 1126 3080 vel
1192 3014 1420 3097 pluries
1493 3015 1765 3080 iteranda
1824 3016 1983 3080 dicta
2039 3019 2485 3085 arbitraremur.

165 3127 438 3191 Hebetes
484 3125 729 3207 quidem
772 3128 852 3189 ita
896 3126 1280 3189 intervallum
1327 3131 1531 3206 aptum
1578 3124 1950 3204 interiacens
1996 3127 2154 3189 inter
2197 3126 2485 3191 Judaicae

168 3237 363 3316 gentis
412 3233 650 3296 cladem
697 3242 759 3297 et
794 3233 1099 3313 judicium
1146 3241 1508 3305 extremum3
1570 3233 1832 3296 haberes
1891 3235 2072 3296 etiam
2135 3238 2485 3315 opportuni-

169 3350 375 3415 tatem,
423 3343 719 3406 faetorum
764 3348 1060 3423 quotquot
1101 3342 1341 3405 libuerit
1377 3341 1691 3408 intervallo
1731 3341 1821 3402 illi
1857 3341 2354 3416 inserendorum3
2401 3345 2485 3406 ita

168 3458 234 3512 ut
267 3449 521 3511 facultas
568 3447 705 3511 data
747 3447 1036 3521 videatur,
1082 3448 1250 3512 vocis
1296 3447 1530 3520 εὐθέως
1573 3443 1732 3527 μετὰ
1770 3474 1818 3512 κ.
1866 3472 1915 3513 τ.
1963 3454 2013 3513 λ.
2061 3468 2183 3510 non
2223 3450 2299 3513 ad
2340 3449 2485 3512 Hie-

168 3557 499 3636 rosolyma,
564 3558 681 3619 sed
726 3556 804 3620 ad
848 3559 1114 3636 proxime
1161 3555 1633 3619 antecedentem
1697 3564 2010 3630 eventum,
2076 3556 2154 3619 ad
2212 3558 2486 3622 ultimam
2532 3535 2538 3542 ⁶

169 3665 469 3747 quandam
498 3664 721 3742 judieii
752 3664 1127 3745 particularis
1154 3664 1594 3727 revelationem
1638 3661 2018 3726 referendae.
2067 3663 2193 3727 Sed
2241 3669 2483 3746 species

168 3773 324 3836 haec
379 3774 544 3835 brevi
604 3772 868 3835 diluitur.
924 3809 1008 3824 --
1053 3772 1291 3834 Etenim
1347 3773 1439 3834 sic
1496 3771 1767 3834 Christus
1828 3772 2067 3835 locutus
2130 3782 2327 3837 esset:
2391 3776 2482 3838 Ne

168 3880 347 3942 nimis
395 3877 616 3961 cupide
661 3881 962 3959 perusiam
1010 3880 1282 3942 ultimam
1331 3881 1736 3960 exspectetis;
1779 3893 1924 3943 nam
1971 3881 2149 3942 sicuti
2194 3881 2483 3945 urbisJu-

168 3988 382 4051 (laicae
445 3985 919 4051 devastationem
977 3987 1276 4051 vindictae
1340 4003 1515 4048 meae
1573 3989 1814 4067 signum
1857 4004 1967 4050 vos
2013 3987 2235 4050 habere
2284 3988 2482 4064 decet,

170 4093 338 4176 (Luc.
377 4095 520 4168 XXI,
558 4095 643 4162 22
688 4092 898 4179 ἡμέραι
940 4093 1304 4177 ἐκδικήσεως)
1344 4111 1687 4176 quanquam
1723 4109 1845 4156 non
1881 4092 2133 4156 visibilis
2174 4095 2485 4160 hominum

168 4201 364 4264 oeulis
409 4205 714 4283 apparebo
763 4201 854 4285 (V.
902 4201 1062 4285 27):
1121 4205 1205 4265 ita
1251 4221 1366 4282 per
1408 4221 1656 4265 omnem
1703 4200 2048 4264 seculorum
2108 4205 2330 4267 seriem
2383 4224 2483 4268 me

169 4327 355 4390 prope
402 4327 438 4372 a
480 4311 649 4374 vobis
697 4309 956 4381 abesse,
1018 4327 1120 4372 me
1168 4307 1400 4388 judicio
1448 4308 1619 4389 justo
1676 4307 1940 4386 cujusvis
1993 4311 2285 4389 temporis
2337 4307 2486 4378 πτώ-

1975 4403 2067 4466 2·
