2934 4797
1290 259 1387 335 ,31

186 437 490 509 continet,
557 455 710 519 quae
770 426 1194 519 ad'populum
1253 437 1572 500 Judaicum
1628 439 1876 502 minime
1937 444 2250 520 spectant,
2327 456 2381 499 e.
2444 454 2493 515 g.

175 538 392 604 Matth.
448 540 654 617 XXIV,
713 543 771 610 7.
851 543 1000 609 Luc.
1066 565 1120 608 v.
1188 544 1270 610 10
1301 544 1476 611 -12
1543 526 1923 628 ἐγερθήσετὰι
1993 543 2100 630 γὰρ
2135 546 2138 547 ’
2170 549 2351 618 ἔθνος
2418 543 2502 609 ἐπὶ

179 644 364 722 ἔθνος
407 675 456 714 κ.
495 674 555 713 «τ.
603 655 677 727 λ.,
739 669 793 713 v.
856 650 935 724 93
999 655 1220 743 ἔσεσθε
1276 648 1620 732 μισούμενοι
1682 649 1797 739 ὑπὸ
1860 649 2089 716 πάντων
2133 659 2260 735 (ὢν
2318 649 2500 719 ἐθνῶν

177 789 266 800 —-
316 773 375 820 v.
445 750 526 817 14
572 751 999 840 κηρυχθήσεται
1043 754 1111 821 τὸ
1160 758 1480 840 εὐαγγέλιον
1524 758 1584 823 ἐν
1633 756 1739 840 ὅλῃ
1784 763 1853 840 τῇ
1901 758 2232 839 οἰκουμένῃς
2292 776 2349 822 v.
2404 755 2494 831 12.

175 855 512 943 ψυγήσεται
561 858 596 943 ἡ
635 859 826 945 ἀγάπη
861 870 977 929 τῶν
1012 868 1264 936 πολλῶν.
1358 862 1529 938 Quae
1579 865 1779 926 omnia
1828 864 2004 925 simul
2048 865 2128 925 ita
2168 871 2309 926 sunt
2346 882 2499 939 corn·

176 974 399 1046 parata,
449 977 516 1032 ut
561 969 633 1030 ad
680 989 868 1033 unum
917 979 1269 1054 certumque
1317 979 1559 1053 tempus
1605 991 1728 1034 non
1768 974 2119 1064 respici-ant,
2168 971 2277 1035 sed
2323 974 2498 1047 muka

177 1092 252 1134 ex
298 1075 374 1136 iis
419 1078 739 1158 multiplici
784 1080 968 1142 modo
1015 1081 1209 1160 repeti
1255 1082 1492 1160 possint
1530 1083 1810 1143 omnibus
1851 1082 2162 1153 aetatihuS,
2210 1083 2326 1143 una
2362 1100 2495 1144 vero

140 1189 320 1260 ’post
366 1182 667 1246 Christum
714 1192 911 1271 aetate
959 1188 1135 1266 plane
1182 1207 1303 1248 non
1340 1190 1582 1266 possint
1617 1185 1748 1247 fieri
1798 1194 1856 1249 et
1897 1187 2168 1249 Christus
2206 1186 2339 1267 ipse
2369 1176 2497 1268 post

174 1288 604 1372 Hierosolyma
653 1292 847 1356 diruta
895 1294 1142 1357 demum
1183 1312 1254 1356 ea
1292 1301 1679 1374 exspectasse
1706 1293 1982 1357 videatur
2011 1294 2111 1378 (cf.
2142 1314 2195 1357 v.
2228 1292 2294 1358 4.·
2323 1295 2383 1358 5.
2422 1294 2484 1359 11

180 1413 326 1461 cum
389 1417 478 1461 vv.
530 1397 634 1463 23.
683 1397 768 1464 24
814 1398 990 1464 τότε
1034 1402 1074 1462 i.
1129 1419 1183 1462 e.
1231 1409 1371 1480 post
1430 1401 1687 1464 civitatis
1732 1400 2020 1463 ¹ludaicae
2081 1402 2491 1464 calamitatem.

182 1500 390 1577 Quare
438 1504 883 1579 confitendum,
941 1504 1011 1571 τό
1059 1509 1228 1581 τέλος
1271 1527 1327 1570 v.
1382 1503 1463 1571 14
1513 1526 1699 1570 sensu
1746 1507 2021 1570 absoluto
2069 1507 2493 1572 sumidehare

178 1616 243 1670 et
280 1608 411 1688 ‚iam
457 1610 532 1674 de
578 1612 791 1675 mundi
839 1618 1365 1678 consummatione
1413 1617 1527 1696 agi.
1573 1613 1755 1693 Atqui
1803 1633 1854 1677 v.
1893 1613 1973 1678 15
2012 1633 2141 1695 sqq.
2186 1615 2262 1677 de
2290 1614 2493 1677 Judae-

180 1736 358 1778 orum
409 1718 750 1788 visitatione
813 1718 1006 1783 divina
1060 1722 1411 1802 loquuntur,
1481 1721 1767 1782 ulteriora
1821 1739 1965 1783 vero
2022 1739 2076 1783 v.
2127 1720 2209 1785 23
2258 1705 2393 1801 sqq.
2435 1727 2496 1782 et

175 1822 389 1884 ultima
444 1831 583 1904 post
635 1843 689 1887 v.
748 1824 832 1892 29
892 1835 1334 1901 memorantur3
1403 1845 1547 1906 ergo
1605 1826 1851 1905 querela
1905 1827 2020 1887 ista
2075 1825 2151 1887 de
2198 1828 2395 1889 subita
2434 1835 2497 1889 et

175 1930 555 1992 confusionis
609 1920 793 2011 plena
848 1935 1152 1994 sermonis
1207 1935 1612 1995 inconstantia
1668 1952 1789 1993 non
1837 1931 2068 1996 devicta
2120 1926 2355 1995 videtur
2400 1950 2491 1996 ac-

174 2038 400 2097 cersita
443 2044 615 2117 parte
663 2040 866 2118 priore
914 2038 992 2122 (v.
1037 2036 1302 2115 4-14),
1353 2038 1466 2100 sed
1515 2037 1787 2100 stabilita.

349 2144 461 2206 Ast
505 2163 582 2206 ne
629 2165 757 2207 nos·
788 2164 942 2208 nova
988 2147 1143 2210 haec
1191 2145 1516 2209 difficultas
1560 2147 1815 2207 nimium
1859 2151 2136 2208 terreat.‘
2184 2146 2331 2208 Eam
2379 2148 2490 2209 sol—

171 2266 318 2313 vere
370 2255 743 2315 tentantibus
801 2260 863 2316 et
914 2263 1145 2334 partem
1204 2244 1369 2316 illam
1423 2254 1689 2334 priorem
1744 2252 2064 2332 diligenter
2121 2255 2489 2316 exarantihus

170 2358 425 2421 forsitan
472 2378 592 2422 non
640 2361 858 2434 solum,
909 2358 1068 2442 quod
1113 2364 1309 2443 primo
1358 2359 1953 2442 quaerendumerit,
2001 2363 2179 2425 nobis
2211 2363 2487 2442 obtinget,

172 2483 395 2547 nempe
434 2475 608 2548 aptus
646 2470 964 2532 commatis
1016 2466 1097 2534 14
1142 2489 1281 2533 cum
1328 2490 1419 2535 vv.
1471 2467 1550 2534 15
1599 2469 1661 2530 ff.
1701 2489 1910 2544 nexus,
1961 2470 2277 2533 commoda
2313 2473 2488 2536 totius

171 2575 358 2652 partis
404 2576 622 2654 prioris
672 2579 766 2652 (vv
824 2573 1067 2658 4-14)
1118 2595 1258 2638 cum
1301 2596 1392 2640 vv.
1446 2575 1528 2641 15
1575 2595 1705 2656 sqq.
1757 2580 2147 2658 compositio:
2206 2578 2321 2640 sed
2375 2579 2489 2640 for-

173 2683 329 2742 sitan
374 2684 476 2744 lux
523 2702 765 2764 quoque
811 2686 1009 2763 aliqua
1047 2685 1318 2765 reliquae
1368 2686 1578 2765 capitis
1630 2688 1786 2766 parti
1833 2686 1912 2770 (v.
1961 2684 2279 2768 29—34)
2330 2686 2485 2765 ejus-

177 2807 297 2867 que
346 2788 797 2854 difficultatibus
837 2791 1229 2855 affundetur„

350 2895 426 2960 Ut
468 2917 613 2962 vero
661 2907 866 2972 caute,
929 2907 989 2962 et
1035 2903 1211 2981 quasi
1258 2900 1583 2980 stratavia
1630 2899 1875 2963 incedat
1924 2903 2107 2980 partis
2152 2902 2366 2982 prioris
2415 2901 2488 2994 (y.

174 3000 418 3087 3—14)
469 3007 841 3087 explanatio,
907 3007 1230 3070 ordiri‘fas
1280 3015 1374 3071 est
1417 3009 1651 3080 abiis,
1718 3026 1870 3088 quae
1919 3007 2160 3071 aliunde
2210 3011 2283 3071 ex
2327 3010 2488 3074 libris

168 3113 506 3193 synopticis
561 3113 639 3175 de
695 3116 878 3176 rebus
927 3117 1150 3177 nostris
1194 3122 1339 3177 nota
1385 3122 1541 3177 sunt.
1634 3116 1706 3177 Et
1756 3132 1940 3193 quum
1988 3123 2338 3195 exspectare
2387 3115 2485 3178 de·

170 3216 446 3291 beamus,
494 3237 611 3280 nec
651 3219 955 3282 Christum
1000 3220 1111 3283 hac
1158 3221 1428 3282 oratione
1477 3220 1618 3298 talia
1664 3219 1911 3282 effatum
1960 3239 2121 3292 esse,
2172 3239 2322 3299 quae
2363 3222 2486 3283 aliis

172 3326 368 3406 ipsius
412 3327 613 3388 verbis
662 3333 763 3386 aut
806 3335 1053 3388 naturae
1101 3328 1274 3405 regni
1321 3324 1486 3404 quod
1532 3327 1845 3407 proposuit
1892 3325 2328 3400 contradicant,
2376 3347 2488 3394 nec

170 3434 630 3512 Synopticorum
668 3434 784 3495 sibi
821 3452 1122 3515 quemque
1153 3436 1358 3515 ipsum
1402 3431 1871 3507 contradixisse,
1921 3434 2032 3496 sed
2076 3437 2154 3498 ita
2196 3436 2355 3498 velle
2396 3438 2484 3497 in·

169 3540 376 3618 telligi,
423 3547 489 3603 ut
533 3548 773 3603 nostrae
821 3541 1113 3609 sectionis
1161 3539 1337 3602 effata
1381 3548 1722 3604 consonent
1767 3557 1905 3602 cum
1942 3541 2035 3613 iis,
2085 3559 2235 3622 quae
2264 3544 2488 3623 passim

166 3647 306 3709 alibi
357 3645 433 3707 de
478 3651 662 3710 rebus
709 3650 928 3710 nostris
975 3648 1247 3721 tradunt,
1310 3666 1535 3729 operae
1582 3649 1839 3728 pretium
1882 3648 2148 3711 futurum
2197 3650 2484 3722 duximus,

168 3762 307 3818 ante
356 3756 554 3816 omnia
607 3758 945 3834 inquirere,
1004 3758 1363 3838 primum,
1427 3755 1571 3833 quid
1619 3754 1891 3817 Christus
1947 3755 2092 3818 alibi
2149 3756 2225 3818 de
2287 3758 2485 3836 operis

170 3862 265 3921 sui
318 3859 526 3922 indole
586 3868 765 3942 atque
821 3853 1033 3924 natura
1091 3861 1396 3931 docuerit3
1465 3861 1611 3939 quid
1670 3858 1959 3922 deinde
2018 3861 2094 3923 de
2155 3864 2248 3925 via
2311 3872 2484 3945 atque

171 3968 434 4040 ratione,
493 3985 671 4048 quarn
715 3986 970 4049 regnum
1018 3969 1242 4030 Christi
1286 3967 1584 4048 requirat,
1650 3966 1793 4045 quid
1842 3966 2185 4049 denique
2233 3967 2309 4030 de
2358 3989 2510 4033 suc„

173 4092 354 4136 cessu
402 4074 535 4152 ejus
584 4075 868 4137 historico
917 4081 979 4136 et
1021 4074 1187 4137 finali
1234 4075 1461 4155 passim
1507 4072 1780 4140 edixerit.
1828 4072 2009 4148 Quod
2058 4076 2214 4136 scire
2250 4094 2322 4138 eo
2358 4096 2486 4157 gra-

171 4184 347 4245 vioris
390 4185 685 4245 momenti
729 4190 891 4263 puto,
940 4201 1126 4263 quum
1173 4171 1235 4244 et
1281 4182 1491 4263 capitis
1537 4182 1730 4244 nostri
1772 4198 1908 4261 pars
1947 4183 2110 4263 prior
2137 4181 2213 4267 (v.
2246 4181 2482 4262 4--14>

169 4290 249 4351 ita
297 4287 543 4351 demum
588 4297 872 4368 tanquam
922 4287 998 4352 de
1044 4288 1296 4371 specula
1350 4289 1505 4362 altA,
1568 4303 1790 4352 nexum
1845 4287 2220 4367 singulorum
2266 4290 2486 4354 Christi
