2934 4797
1533 253 1622 322 ‘70

418 434 617 497 riendi
671 439 859 499 causa
917 436 1016 498 bic
1069 435 1327 516 populus
1387 442 1515 498 erat
1568 418 1805 499 electus
1866 442 1926 498 et
1980 441 2282 511 servatus,
2339 435 2761 518 justissimum

419 542 629 614 fuisse,
676 545 923 607 minime
970 543 1337 624 negandum.
1429 542 1556 606 Sed
1603 545 1655 606 si
1702 547 1928 624 posteri
1976 563 2221 627 quoque
2253 544 2497 607 illorum
2526 544 2758 608 Judae-

420 666 594 712 orum
655 649 875 712 eodem
933 651 1318 713 anathemate
1372 649 1644 712 obstricti
1706 658 1987 723 manent,
2055 657 2117 713 et
2169 652 2373 714 vivere
2437 638 2627 713 nescii
2695 657 2766 713 et

421 761 595 832 mori,
643 765 715 837 ut,
756 765 853 823 est
896 761 956 821 in
1006 758 1205 821 fabula
1251 756 1354 820 illa
1392 759 1752 838 saepissime
1801 774 1834 819 a
1876 757 2247 820 nostratibus
2291 754 2447 830 trita,
2484 757 2761 839 Evange-

420 868 567 929 lium
611 884 762 930 sane
810 870 1009 947 ipsum
1044 866 1158 927 sibi
1206 884 1328 926 non
1376 866 1678 927 satisfecit
1734 872 1797 926 et
1847 882 2104 927 munere
2167 884 2279 928 suo
2325 866 2615 928 historico
2655 865 2762 945 ju-

425 974 652 1037 dicium
700 983 1034 1038 extremum
1068 992 1179 1054 per
1221 974 1407 1037 Verbi
1452 972 1965 1053 praedicationem
2009 980 2408 1055 praeparante
2457 993 2577 1037 non
2612 993 2759 1056 per·

420 1083 697 1145 functum
729 1084 856 1146 erit.
934 1081 1138 1157 Quare
1172 1063 1511 1144 necessitas
1541 1099 1687 1144 sane
1717 1083 2175 1173 imposita'erat,
2205 1090 2271 1145 ut
2295 1088 2435 1163 post
2459 1080 2763 1160 judicium

425 1193 666 1254 nonnisi
714 1198 1028 1254 externum
1085 1189 1162 1251 de
1221 1189 1474 1252 Judaeis
1530 1188 1868 1263 ferendum,
1932 1189 2162 1252 deinde
2226 1197 2290 1252 et
2336 1197 2649 1252 externum
2701 1198 2772 1254 et·

425 1301 730 1363 internum
795 1297 870 1360 ad
930 1297 1366 1360 Ethnicismum
1400 1298 1770 1378 pertinens,
1838 1298 2024 1360 oratio
2092 1297 2316 1360 Christi
2380 1298 2504 1360 ullo
2576 1298 2766 1361 modo

428 1413 832 1470 reverteretur
891 1404 965 1466 ad
1022 1404 1288 1469 ludaeos
1354 1412 1416 1466 et
1483 1405 1572 1467 ad·
1621 1404 2015 1467 indicandum
2082 1403 2379 1484 judicium
2457 1405 2767 1468 internum

433 1522 612 1595 atque
661 1512 1068 1586 salutiferum,
1116 1511 1294 1591 cujus
1342 1511 1518 1575 locus
1572 1514 1718 1592 ipsis
1775 1530 2016 1593 quoque
2071 1512 2227 1574 foret
2267 1511 2538 1575 relictus.
2628 1511 2766 1576 Jam

429 1620 638 1686 Matth.
700 1620 914 1709 xxm,
955 1619 1037 1686 39
1086 1624 1391 1683 innuerat:
1459 1638 1624 1682 nunc
1662 1637 1731 1682 se
1779 1622 1851 1683 ab
1902 1622 2050 1700 ipsis
2093 1638 2487 1683 secessurum
2537 1622 2764 1700 quippe

429 1728 712 1809 indignis,
760 1730 860 1810 qui
890 1746 1068 1809 porro
1115 1729 1315 1808 ipsum
1357 1727 1622 1800 videant,
1669 1726 1783 1790 sed
1818 1726 2064 1808 teinpus
2110 1728 2568 1807 resipiscentiae
2612 1744 2765 1790 ven·

433 1845 632 1901 turum
659 1836 971 1909 indicarat,
1012 1853 1129 1917 quo
1166 1835 1470 1897 messiana
1516 1836 1881 1899 salutatione
1918 1836 2116 1917 ipsum
2156 1838 2277 1898 sint
2314 1835 2759 1917 compellaturi.

432 1946 651 2009 Nostra
697 1951 901 2006 autem
944 1944 1006 2004 in
1054 1933 1327 2005 oratione
1376 1941 1605 2007 diserte
1654 1943 1904 2024 quidem
1944 1942 2168 2004 dictum
2205 1948 2347 2016 erat,
2393 1942 2764 2005 ,iudaeorum

434 2059 695 2116 aetatem
724 2069 836 2114 seu
882 2047 1125 2135 καιροῦς
1171 2058 1492 2131 exceptum
1536 2052 1607 2112 iri
1656 2070 1688 2114 a
1737 2062 1967 2136 καιροῖς
2005 2059 2119 2115 τῶν
2155 2051 2364 2128 ἐθνῶν,
2404 2049 2516 2113 sed
2543 2050 2764 2111 borum

432 2161 830 2242 principatum
877 2159 1058 2220 certis
1114 2156 1475 2238 quibusdam
1523 2157 1740 2221 finibus
1789 2159 2176 2223 constrictum
2220 2154 2321 2228 iri,
2377 2142 2761 2237 indigitatum

439 2273 565 2330 erat
621 2265 831 2351 (ἄχρι
887 2256 1385 2349 πληρωθῶσι
1441 2267 1724 2349 καιροὶ
1781 2263 2070 2340 ἐθνῶν)
2137 2262 2476 2325 secundum
2531 2262 2766 2326 Lucam
2893 2284 2894 2291 ¹

439 2376 514 2461 (v.
535 2371 687 2453 240*
703 2362 868 2438 Pauli
888 2372 1143 2455 apostoli
1165 2374 1470 2447 comitem,
1494 2374 1595 2455 qui
1615 2372 1785 2436 Rom.
1804 2368 1901 2444 XI,
1923 2371 2006 2437 25
2028 2370 2125 2435 vel
2143 2372 2450 2435 locutione
2471 2388 2765 2454 perquam

439 2483 619 2546 simili
667 2480 840 2543 dicit:
906 2480 1314 2550 Jsraelitarum
1352 2479 1524 2560 ‘parti
1584 2480 1834 2559 contigit
1887 2477 2200 2542 obduratio
2246 2478 2289 2542 ἄ
2303 2504 2394 2566 χρ
2428 2505 2497 2552 ις
2538 2472 2628 2543 oft
2670 2477 2765 2544 τὸ

436 2588 826 2675 πλήρωμα
870 2593 1021 2677 vair
1064 2588 1325 2652 ἐθνῶν
1370 2590 1489 2660 εἷς
1517 2586 1732 2670 ἔλθῃ.
1793 2583 2011 2649 Verbis
2056 2582 2263 2648 Lucae
2323 2604 2376 2649 v.
2425 2583 2512 2650 24
2556 2588 2763 2666 itaque

396 2753 402 2760 ‚
438 2701 786 2781 negativum
837 2697 1027 2759 habes
1072 2695 1257 2778 idque
1306 2696 1708 2757 clarissimum
1758 2693 2077 2767 indicium,
2138 2696 2475 2758 orationem
2524 2694 2762 2769 Christi,

435 2807 560 2886 jam
604 2804 747 2868 inde
793 2823 828 2867 a
870 2824 927 2870 v.
955 2802 1040 2870 25
1089 2802 1318 2877 Matth„
1349 2801 1433 2868 29
1481 2802 1556 2865 ad
1583 2802 1872 2864 Ethnicos
1899 2799 2391 2881 progredientem
2430 2819 2776 2883 eorumque-

441 2908 680 2996 καιροὺς
744 2917 806 2974 et
870 2911 1148 2992 negative
1213 2908 1451 2993 (Matth.
1515 2908 1627 2992 29)
1694 2916 1755 2972 et
1815 2897 2067 2989 posiiii're
2137 2907 2271 2993 (30)
2352 2908 2766 2973 delineantem

442 3021 612 3106 (Luc.
643 3016 747 3084 25.
785 3015 949 3101 26.)‚
996 3017 1265 3080 nondum
1309 3035 1496 3098 posse
1543 3017 1880 3080 absolutam
1930 3035 2091 3110 esse,
2138 3018 2261 3080 nisi
2305 3017 2431 3079 ullo
2477 3017 2661 3081 modo
2687 3017 2767 3080 ad

440 3129 704 3191 Judaeos
750 3131 813 3189 et
871 3125 948 3188 ad
1006 3124 1197 3187 finem
1243 3127 1613 3205 principatus
1657 3125 2135 3188 Christianorum
2181 3144 2216 3187 e
2265 3117 2592 3206 gentilibus
2647 3128 2766 3188 ori-

443 3235 738 3298 undorum
775 3240 1072 3297 recurrat,
2261 3233 2268 3240 '

619 3343 849 3405 Forsan
879 3339 1198 3419 conjicies,
1231 3340 1373 3402 huic
1403 3337 1711 3403 desiderio
1740 3340 2105 3403 satisfactum
2137 3356 2280 3402 esse
2309 3338 2525 3404 Matth.
2562 3342 2766 3404 verbis

443 3468 496 3513 v.
546 3441 648 3514 30.
699 3450 795 3513 καὶ
838 3444 975 3512 τότε
1021 3443 1310 3530 κόψονται
1351 3455 1607 3513 πᾶσαι
1651 3449 1715 3511 αἱ
1760 3448 1940 3530 φυλαὶ
1982 3453 2085 3528 τῆς
2120 3453 2255 3530 γῆςς
2302 3449 2356 3508 si
2404 3447 2566 3510 enim
2625 3466 2767 3510 om-

444 3575 582 3620 nes
647 3551 987 3634 κόπῖτονται,
1052 3553 1324 3620 κόπτεται
1389 3563 1451 3617 et
1497 3555 1866 3618 ,Iudaeorum
1919 3552 2088 3637 φυλή.
2181 3555 2317 3617 Non
2361 3553 2615 3627 inficior,
2664 3555 2766 3617 hic

450 3666 709 3729 describi
752 3667 949 3746 plane·
978 3665 1377 3730 universalem
1427 3665 1721 3744 evangelii
1768 3662 2127 3737 efficaciam,
2192 3670 2255 3726 et
2295 3664 2561 3728 ludaeos
2608 3682 2761 3745 qno-

449 3792 566 3856 que
599 3773 694 3836 his
722 3775 917 3837 verbis
944 3773 1183 3845 involvi,
1215 3774 1313 3836 cui
1341 3771 1692 3853 suffragatur
1717 3772 1888 3834 locus
1920 3790 2097 3852 supra
2126 3773 2420 3853 allegatus
2441 3772 2619 3837 Saeh.
2639 3771 2760 3846 ΧΠ,

450 3881 526 3943 de
589 3879 834 3943 ludaeis
888 3882 1175 3961 loquenS,
1242 3879 1319 3941 ad
1377 3897 1560 3960 quem
1619 3886 1822 3941 nostra
1880 3879 2062 3941 verba
2125 3878 2406 3943 videntur
2468 3878 2758 3943 alludere.

452 3987 581 4051 Sed
623 3985 746 4053 Mc.
797 3994 859 4049 et
902 3986 1029 4060 Le„
1077 3988 1178 4067 qui
1223 3986 1407 4049 verba
1443 3986 1546 4048 illa
1590 3984 1798 4066 Mattb.
1843 4005 1898 4049 v.
1949 3983 2036 4051 30
2077 4005 2203 4049 non
2251 3987 2498 4059 habent,
2539 3985 2617 4049 ad
2664 4005 2762 4049 ex-

448 4112 721 4178 pressam
758 4112 997 4175 quoque
1045 4096 1416 4157 mentionem
1462 4095 1662 4174 gentis
1707 4092 2072 4155 ,iudaeorum
2102 4092 2406 4157 Christum
2452 4112 2763 4157 reversum

452 4217 592 4267 esse
639 4202 907 4266 referunt
949 4201 1069 4266 Mc.
1116 4179 1226 4267 ‘3o.
1263 4200 1368 4263 Lc.
1407 4198 1522 4274 32,
1584 4207 1646 4263 et
1700 4202 2006 4264 consentit
2057 4200 2239 4281 plane
2292 4198 2503 4263 Matth.
2551 4220 2606 4265 v.
2655 4197 2759 4266 34.
