2934 4797
1286 234 1371 306 23

160 439 343 500 nego.
436 420 590 484 Illud
627 420 1010 483 statuendum
1045 420 1243 491 video,
1289 426 1562 500 tempora
1592 419 1778 481 cladis
1807 418 2172 483 ,Iudaeorum
2200 421 2280 482 ita
2306 420 2496 482 fuisse

159 534 529 606 comparata,
576 536 643 591 ut
686 527 959 590 Christus
1005 528 1298 607 singulari
1346 530 1509 589 circa
1559 545 1632 589 ea
1681 525 2090 588 admonitione
2134 544 2286 607 opus
2327 546 2491 600 esse,

157 633 420 696 videret.
466 670 550 680 —-
598 632 1203 696 Pseudochristorum
1264 636 1425 694 enim
1488 638 1593 694 aut
1647 630 2322 712 Pseudoprophetarum
2381 632 2495 694 fre-

160 740 412 817 quentia
458 738 616 819 apud
657 739 919 802 Judaeos
967 739 1178 801 seculo
1224 757 1284 819 p.
1334 737 1443 800 Ch.
1492 756 1553 800 n.
1601 738 1795 817 primo
1844 745 1907 800 et
1949 736 2224 799 secundo
2287 758 2495 801 occur-

155 864 306 908 rens
361 864 484 906 non
540 846 786 908 fortuito
836 842 1095 925 quodam
1142 863 1287 908 casu
1335 845 1709 924 sequebatur
1752 842 1919 905 urhis
1963 844 2309 916 interitum,
2378 845 2494 907 sed

156 971 367 1014 rerum
407 952 786 1031 Judaicarum
834 952 1072 1019 cladem
1119 970 1363 1015 causam
1423 951 1636 1013 habuit
1687 952 2140 1013 necessariam:
2206 951 2492 1041 miseriae

159 1061 330 1121 enim
387 1060 765 1140 profunditas
822 1066 923 1123 aut
983 1062 1230 1124 exitium
1290 1061 1575 1139 supinum
1632 1065 1740 1120 aut
1805 1057 2118 1119 auxilium⁴
2156 1060 2493 1138 proximum
2609 1066 2614 1073 ‘

157 1169 360 1229 oculis
418 1169 809 1249 proponebat.
905 1168 1228 1231 Christiani
1292 1185 1534 1248 quoque
1591 1166 1750 1229 exitii
1794 1164 2158 1227 ¹ludaeorum
2213 1171 2489 1247 tempore

157 1276 565 1354 peculiaribus
616 1274 973 1356 quibusdam
1022 1275 1308 1354 periculis
1357 1277 1491 1336 sine
1541 1274 1719 1349 dubio
1767 1272 2122 1336 circumdati
2170 1282 2370 1348 erant,
2434 1278 2486 1337 si

161 1383 433 1444 Christus
469 1389 607 1464 post
631 1386 840 1446 ruinae
868 1382 1428 1462 Hierosolymorum
1458 1384 1835 1443 mentionem
1873 1383 2078 1443 statim
2115 1382 2190 1445 ad
2222 1390 2487 1445 extrema

157 1496 433 1568 tempora
478 1492 805 1561 transihat,
874 1497 935 1552 et
993 1487 1253 1551 aviditati
1304 1484 1740 1568 discipulorum
1787 1505 1926 1549 cum
1975 1490 2134 1550 exitu
2179 1489 2348 1550 urbis
2395 1506 2489 1551 ex-

158 1606 425 1661 tremum
462 1596 759 1676 judicium
804 1597 1005 1660 statim
1052 1596 1448 1677 conjungenti
1508 1597 1719 1659 fraena
1772 1596 2076 1659 relaxabat
2122 1595 2361 1663 silendo
2410 1596 2488 1659 de

160 1724 274 1786 spe
321 1710 605 1787 parusiae
643 1725 793 1769 suae
829 1707 934 1769 illo
964 1724 1206 1788 quoque
1240 1713 1519 1785 tempore
1558 1712 1729 1767 caute
1771 1712 1834 1766 et
1869 1705 2182 1785 sapienter
2207 1703 2514 1790 fovenda,

159 1807 404 1877 Etenim
449 1814 621 1876 multi
670 1833 705 1875 e
753 1820 932 1893 gente
978 1813 1223 1875 Judaica
1270 1812 1614 1883 Christiani,
1660 1829 1778 1890 quo
1826 1819 1997 1874 erant
2038 1812 2222 1873 animi
2263 1812 2488 1884 habitu,

158 1919 279 1981 nisi
337 1918 565 1983 diserte
611 1920 885 1983 Christus
948 1937 1089 1982 eos.
1118 1919 1194 1981 ab
1248 1920 1366 1981 hoc
1423 1936 1629 1980 errore
1676 1921 1981 1991 invocarat,
2050 1923 2329 1998 poterant
2384 1926 2490 1999 τῆς

161 2032 497 2100 συντελείας
555 2034 663 2091 τοῦ
725 2028 948 2099 αἰῶνος
1011 2028 1184 2106 quasi
1245 2006 1514 2106 proxime
1580 2027 1861 2087 instantis
1924 2026 2074 2087 falsi·
2124 2031 2482 2096 assertores,

161 2133 593 2213 signorumque
613 2135 887 2213 pai-usiae
917 2132 1093 2205 otiosi
1116 2133 1532 2213 speculatores
1561 2131 1714 2195 fieri.
1763 2167 1847 2179 —
1897 2131 2220 2195 Christiani
2237 2151 2382 2196 vero
2409 2134 2482 2195 ab

157 2226 429 2302 Ethnicis
477 2241 711 2304 oriundi
746 2248 886 2321 post
910 2241 1171 2303 fractam
1209 2241 1623 2320 metropoleos
1663 2240 2024 2303 christianae
2062 2244 2484 2305 auctoritatem

163 2365 240 2409 eo
287 2354 569 2430 poterant
602 2349 822 2430 abripi,
864 2356 930 2414 ut
967 2355 1030 2412 et
1055 2366 1088 2411 a
1115 2347 1183 2414 V.
1216 2348 1289 2413 T.
1323 2353 1387 2410 et
1411 2346 1486 2411 ah
1525 2348 1689 2410 omni
1721 2348 2011 2411 historico
2046 2350 2138 2411 rei
2175 2350 2485 2414 christiani

157 2453 551 2517 fundamento
601 2453 1085 2534 sejungerentur,
1133 2453 1310 2532 qu‘us
1358 2452 1651 2514 custodes
1708 2455 1880 2533 quasi
1933 2457 1997 2515 et
2050 2461 2243 2516 testes
2295 2458 2481 2519 nativi

162 2562 491 2624 Christiani
518 2562 605 2624 illi
636 2581 777 2624 esse
809 2562 1129 2634 debebant,
1170 2563 1338 2643 quie
1367 2559 1621 2622 Judaeis
1661 2570 1850 2624 erant.
1917 2560 2122 2635 Quare
2163 2566 2309 2630 satis
2348 2582 2481 2647 per-

161 2671 484 2752 spicimus,
546 2688 654 2731 cur
692 2669 963 2732 Christus
1008 2688 1063 2731 v.
1113 2668 1197 2733 23
1245 2667 1460 2731 dixerit
1502 2665 1664 2742 τότε,
1729 2676 1790 2731 et
1833 2688 1889 2732 v.
1936 2666 2024 2734 24
2066 2669 2483 2755 ἐγερθήσονται

156 2774 264 2861 γὰρ
321 2773 744 2860 ψευδόχριστοι
801 2778 896 2840 καὶ
942 2765 1475 2858 ψευδοπροφῆται,
1538 2777 1581 2837 i.
1638 2793 1696 2837 e.
1744 2792 1851 2837 cur
1893 2773 2135 2848 dixerit,
2194 2778 2476 2859 singulari

159 2891 296 2966 post
355 2884 917 2964 Hierosolymorum
976 2882 1338 2945 dirutionem
1398 2883 1677 2946 cautione
1736 2900 1892 2964 opus
1954 2900 2118 2948 esse.
2208 2883 2334 2947 Sed
2398 2904 2472 2949 ea

158 2993 288 3074 ipsa
350 2990 424 3053 de
491 3009 703 3053 caussa
766 2997 1001 3053 tantum
1057 2991 1266 3061 abest,
1329 2996 1396 3051 ut
1451 3007 1740 3053 versuum
1798 2988 2089 3056 23-28
2149 2993 2473 3055 consilium

157 3075 555 3181 agnoscamus
614 3099 959 3161 vaticinium
1014 3098 1340 3178 positivum
1395 3095 1473 3158 de
1535 3102 1703 3160 certo
1763 3095 2022 3178 quodam
2083 3106 2335 3173 eventu,
2396 3099 2473 3163 ad

161 3208 321 3271 diem
366 3208 636 3269 ultimam
680 3206 1026 3269 immediate
1088 3212 1434 3289 spectante,
1493 3213 1560 3268 ut
1611 3207 1800 3269 totam
1858 3206 2015 3270 hanc
2072 3207 2471 3291 appendicem

158 3318 517 3400 praesertim
563 3313 991 3376 admonitionis
1012 3314 1174 3376 doce
1232 3313 1494 3395 positam
1552 3313 1967 3393 suspicemur,
2026 3333 2106 3375 ne
2168 3319 2469 3379 erroribus

160 3441 312 3505 quos
339 3424 776 3486 nominavimus
796 3429 936 3504 post
953 3421 1120 3484 urbis
1139 3422 1303 3483 iilius
1340 3418 1528 3482 fmem
1561 3421 1930 3483 minantibus
1967 3440 2109 3485 sese
2149 3422 2466 3485 dederent.

51 3594 61 3603 ,
160 3528 335 3603 Quae
380 3528 709 3590 admonitio
753 3526 937 3592 inde
986 3527 1071 3588 ab
1118 3525 1284 3588 urhis
1332 3526 1566 3587 excidio
1611 3526 1816 3588 locum
1847 3544 2023 3588 suum
2050 3532 2467 3593 necessarium

159 3636 431 3698 habitura
461 3642 608 3708 erat,
657 3632 770 3697 sed
817 3650 1221 3715 quousque
1257 3638 1463 3714 pateat
1493 3640 1556 3695 et
1588 3632 1664 3698 ad
1701 3651 2093 3712 quorumnam
2127 3641 2467 3717 temporum

159 3744 312 3807 fines
350 3761 491 3806 sese
520 3743 822 3814 extendat,
871 3743 1144 3832 Christus
1190 3742 1439 3803 minime
1487 3740 1695 3803 dicere
1741 3743 1943 3806 voluit.
1994 3742 2195 3817 Quare
2223 3745 2468 3808 nonnisi

160 3851 340 3915 modo
386 3850 661 3929 negativo
707 3850 850 3911 huic
895 3847 1215 3931 appendici
1260 3848 1601 3912 vaticinium
1654 3850 1860 3912 inesse
1914 3851 2113 3915 video.
2202 3853 2360 3914 Nam
2413 3855 2465 3916 si

163 3961 398 4023 Christo
437 3960 586 4021 utile
613 3957 847 4022 videtur
874 3965 939 4021 et
980 3957 1434 4029 necessarium,
1481 3958 1645 4019 urhis
1679 3959 1889 4022 ruinae
1915 3960 2208 4022 mentioni
2236 3960 2463 4025 addere

163 4068 663 4139 admonitionem,
725 4084 806 4128 ne
853 4066 1169 4129 Christiani
1217 4064 1408 4128 velint
1464 4066 1571 4127 illo
1616 4072 1895 4148 tempure
1940 4068 2116 4130 nimis
2161 4071 2462 4151 proclives

165 4194 301 4238 esse
348 4177 423 4239 ad
469 4195 642 4258 spem
680 4174 899 4238 Christi
941 4173 1200 4237 reditum
1236 4175 1439 4236 statim
1487 4182 1976 4255 exspectantem,
2020 4176 2222 4240 verbis
2267 4180 2460 4260 ipsius

165 4287 300 4350 satis
349 4284 510 4347 clare
555 4284 718 4349 inest
759 4283 1100 4362 negativum
1144 4281 1315 4362 quasi
1358 4282 1726 4357 vaticinium,
1774 4301 1855 4347 ne
1894 4283 2099 4348 statim
2125 4292 2264 4369 post
2288 4285 2459 4349 Juda-
