2934 4797
1617 262 1702 332 36

501 443 810 525 religionis
850 461 978 506 non
1018 444 1333 526 physicae,
1379 464 1506 508 non
1540 446 1958 527 propheticae,
2004 444 2119 507 sed
2157 443 2388 506 ethicae
2426 450 2603 523 atque
2640 458 2844 522 prae-

501 553 712 614 sentis.
777 550 993 615 Mortis
1022 570 1261 633 quoque
1289 554 1483 633 ipsius
1522 553 1911 616 annunciatio
1952 551 2029 614 ad
2071 550 2534 632 proponendum
2579 548 2840 612 ethicae

497 661 810 740 religionis
858 660 1274 724 characterem
1316 664 1674 725 necessario
1718 662 2093 742 pertinebat:
2131 661 2332 740 :regni
2388 661 2481 723 sui
2539 665 2840 720 naturam

497 774 633 830 nec¹
662 767 1032 842 edisserere,
1080 782 1198 831 neo
1242 771 1495 848 probare
1542 777 1807 857 poterat,
1839 770 1974 832 ·nisi
2019 769 2402 859 moriendum
2448 767 2563 830 sibi
2597 772 2836 846 ,aperte

496 872 896 956 profitebatur.
960 874 1121 937 =lam
1165 892 1308 937 vero
1354 876 1455 937 hic
1502 875 1989 955 nunciusgladii
2032 875 2222 938 instar
2269 880 2426 947 erat,
2486 892 2603 955 quo
2653 873 2833 935 male

496 982 776 1063 perplexa
830 982 1239 1061 apostolorum
1291 954 1492 1064 imago
1533 983 1625 1046 ‘de
1679 982 1863 1045 rebus
1917 984 2265 1046 novissimis
2321 986 2613 1061 concepta
2668 979 2833 1041 diri·

496 1091 769 1153 mebatur
813 1097 875 1152 et
917 1092 1149 1154 veritati
1190 1092 1282 1155 via
1331 1092 1693 1154 struebatur.
1770 1092 1922 1154 Cum
1969 1092 2274 1154 Christum
2317 1091 2675 1152 moriturum
2714 1106 2830 1150 au-

497 1198 745 1272 dissent,
791 1217 914 1260 non
943 1205 1238 1271 coactum,
1286 1219 1409 1264 non
1436 1219 1796 1282 oppressum
1822 1204 1882 1265 vi
1911 1200 2411 1271 adversariorum,
2458 1196 2570 1260 sed
2598 1196 2828 1258 luben-

492 1312 618 1368 tem
687 1320 1059 1386 gnarumque
1124 1307 1309 1369 futuri
1344 1364 1349 1367 .
1380 1315 1442 1371 et
1515 1308 1740 1373 aeterni
1807 1307 1909 1370 dei
1976 1307 2257 1371 consilii:
2322 1304 2453 1385 jam
2523 1305 2828 1367 messiani

492 1413 782 1491 ‘temporis
828 1414 1057 1486 unitas,
1105 1413 1423 1495 hucusque
1471 1416 1543 1476 ab
1590 1416 1667 1478 iis
1712 1416 1869 1489 fota,
1921 1415 2262 1478 dissecatur
2304 1413 2369 1475 in
2414 1410 2533 1473 duo
2580 1410 2823 1491 spatia:

492 1516 751 1601 primum
799 1519 1060 1585 debebat
1104 1522 1377 1587 Christus
1423 1524 1579 1605 pati,
1628 1522 1847 1587 deinde
1894 1523 2219 1604 glorificari
2262 1522 2412 1586 Luc.
2458 1518 2648 1593 XVII,
2697 1513 2811 1584 24.

493 1625 601 1692 25.
647 1624 846 1700 XXIV,
894 1626 999 1693 25.
1048 1626 1152 1694 26.
1199 1628 1490 1704 Marc.x‚
1539 1629 1644 1698 38.
1679 1632 1764 1693 ·Et
1809 1649 1949 1693 cum
1997 1632 2270 1694 Christus
2316 1648 2440 1692 non
2484 1629 2686 1691 solum
2736 1624 2818 1713 de

493 1751 603 1795 sua
655 1751 916 1813 persona
978 1734 1136 1797 haec
1183 1734 1442 1810 diceret,
1503 1738 1616 1800 sed
1641 1737 1965 1819 Apostolos
2005 1756 2244 1819 quoque
2286 1737 2404 1798 sibi
2452 1732 2817 1813 configurari

495 1840 738 1914 debere,
787 1839 997 1924 (Marc.
1031 1841 1101 1915 X,
1151 1840 1259 1926 39)
1310 1853 1517 1924 aperte
1566 1844 1832 1919 doceret,
1882 1844 2118 1926 (Mattb.
2156 1843 2225 1917 X,
2255 1840 2361 1908 24.
2398 1840 2657 1908 25.’38.
2698 1837 2811 1906 39.

491 1947 657 2035 XVI,
706 1943 815 2011 24.
861 1947 968 2027 25.
1040 1947 1232 2013 Marc.
1279 1948 1602 2026 V111,·34.·
1645 1951 1811 2015 Luc.
1861 1951 1961 2025 v1‚
2009 1947 2117 2017 40.
2185 1949 2289 2024 lX,
2339 1947 2447 2031 23)
2496 1955 2558 2010 et
2597 1963 2812 2008 rursus

395 2113 401 2123 ‚
491 2053 815 2133 Apostolos
885 2072 1026 2115 cum
1091 2057 1261 2136 ipso.
1296 2057 1625 2137 imaginem
1691 2057 2025 2121 futurarum
2078 2063 2340 2120 aetatum
2398 2055 2526 2117 fore
2591 2051 2810 2136 (Marc.

493 2160 642 2233 VIII,
691 2157 798 2225 34.
847 2159 952 2226 35.
999 2162 1149 2227 Luc.
1195 2163 1290 2237 1x,
1338 2162 1618 2247 24ε-26.
1666 2165 1876 2231 Matth.
1904 2166 1976 2238 V,
2028 2163 2308 2246 10-12)
2357 2147 2811 2241 ecclesiamque

493 2266 689 2347 ipsam
719 2266 938 2330 Christi
967 2270 1205 2351 signum
1231 2268 1483 2334 laturam
1509 2274 1771 2352 primum
1797 2272 2072 2352 patientis
2109 2270 2171 2332 in
2209 2269 2544 2333 humilitate
2581 2266 2810 2330 deinde

495 2372 883 2437 ascendentis
944 2375 1020 2439 ad
1064 2362 1305 2441 Patrem
1364 2377 1605 2459 (Matth.
1660 2378 1732 2452 V,
1778 2368 2063 2444 4-12.’
2126 2375 2289 2451 XVL
2354 2374 2454 2442 18.
2499 2374 2602 2439 cll.
2643 2372 2807 2458 23):

495 2484 639 2544 satis
687 2481 924 2557 docuit,
971 2501 1148 2546 suum
1189 2487 1483 2566 regnique
1531 2486 1626 2548 sui
1670 2495 1796 2547 non·
1836 2503 2013 2559 esse,
2073 2484 2341 2548 violento
2386 2491 2449 2546 et
2490 2482 2808 2563 repentino

493 2588 675 2650 modo
721 2590 985 2662 irruere,
1050 2589 1164 2652 sed
1206 2590 1451 2672 allicere
1500 2591 1759 2664 liberos,
1823 2593 2222 2672 persuasione
2281 2588 2452 2652 firma
2494 2589 2810 2670 plagarum

494 2679 784 2777 necisque
820 2697 1087 2776 patiente
1127 2714 1234 2760 eos
1261 2698 1553 2771 imbuere,
1579 2700 1641 2760 ·i.
1673 2716 1732 2764 e.
1770 2699 1863 2762 via
1908 2697 2121 2761 lenta
2162 2695 2468 2760 incedere.
2543 2694 2809 2769 Quibus-

494 2824 634 2870 nam
692 2823 837 2868 vero
898 2807 1082 2868 armis
1143 2819 1288 2869 suos
1347 2806 1680 2870 instruxit?
1754 2806 2175 2888 Sp'iritualibus
2239 2824 2388 2868 sane
2450 2805 2810 2885 praesertim

497 2910 725 2996 (Matth.
773 2913 845 2987 V,
897 2911 999 2978 14.
1053 2913 1152 2980 15.
1207 2911 1309 2981 18.
1379 2914 1565 2982 Marc.
1610 2914 1707 2989 IV,
1764 2912 1865 2981 14.
1940 2915 2089 2979 Luc.
2137 2904 2294 2989 vm,
2348 2913 2448 2979 11.
2512 2911 2641 2988 ΧΠ,
2698 2910 2807 2978 35.

492 3021 643 3103 Eph.
673 3022 769 3095 vl,
822 3021 1100 3106 10-18)
1146 3023 1357 3087 Verbo*
1394 3043 1506 3092 suo
1546 3032 1614 3088 et
1658 3027 1873 3106 spiritu
1919 3031 2132 3112 sancto
2176 3024 2347 3108 (Luc.
2386 3022 2482 3094 XI,
2536 3020 2634 3087 13.
2681 3021 2805 3096 XII,

473 3132 601 3198 ·11.
654 3129 755 3195 12.
800 3128 948 3204 XXI,
1000 3130 1275 3200 12—19.
1323 3131 1535 3196 Matth.
1579 3131 1649 3206 X,
1703 3132 1801 3200 19.
1848 3132 1979 3217 20).
2061 3133 2135 3196 Et
2179 3134 2271 3194 sic
2317 3149 2555 3213 quoque
2603 3131 2807 3193 omnia

496 3240 582 3301 ita
620 3244 785 3300 erant
814 3243 1171 3317 comparata,
1215 3244 1281 3300 ut
1306 3237 1508 3316 divina
1534 3239 1828 3319 evangelii
1861 3236 2150 3317 majestas
2177 3235 2576 3309 occuleretur,
2621 3255 2805 3299 nemo

476 3354 818 3427 cogeretur
859 3344 1041 3406 modo
1089 3331 1355 3418 externo,
1400 3346 1515 3408 sed
1559 3345 1813 3408 libertati
1858 3363 1968 3410 sua
2015 3354 2408 3409 servarentur.
2484 3345 2595 3407 Cui
2619 3342 2803 3408 verbo

494 3454 792 3534 judicium
843 3451 1055 3513 mundi
1108 3453 1419 3532 spirituale
1482 3450 1753 3514 mandari
1809 3459 2081 3532 poterat:
2143 3461 2239 3515 est
2293 3452 2456 3514 enim
2501 3457 2562 3513 et
2605 3451 2803 3532 ipsum

500 3582 623 3626 non
666 3562 980 3643 physicum
1026 3559 1137 3622 sed
1186 3561 1470 3623 ethicum.
1523 3560 1675 3621 Nam
1721 3578 1859 3622 cum
1901 3561 1943 3622 ii
1989 3560 2185 3622 solum
2230 3578 2370 3623 vere
2417 3561 2539 3622 sint
2583 3559 2804 3622 Christi

500 3670 711 3743 amici,
768 3668 867 3748 qui
918 3684 1042 3730 non
1097 3666 1370 3730 adamant
1424 3667 1675 3747 gloriam
1731 3674 1793 3730 et
1847 3665 2202 3736 dulcedines
2246 3666 2552 3749 Evangelii
2591 3668 2800 3748 utique
2893 3749 2894 3760 ἵ

498 3782 748 3850 fruetus,
794 3774 907 3839 sed
963 3774 1265 3839 Christum
1309 3777 1526 3855 ipsum,
1571 3774 1880 3854 Evangelii
1922 3777 2239 3839 veritatem
2284 3781 2347 3837 et
2391 3774 2644 3838 salutem
2678 3776 2799 3857 spi-

502 3888 812 3951 ritualem:
874 3884 1069 3946 ethica
1105 3884 1419 3948 hominum
1466 3883 1720 3963 dignitas
1769 3883 2063 3964 explorari
2108 3891 2171 3947 et
2210 3882 2382 3966 prodi
2416 3902 2539 3946 non
2582 3890 2796 3963 potest,

502 3996 619 4057 nisi
663 3997 763 4068 ita,
809 4000 875 4057 ut
920 3993 1077 4055 sicut
1114 3991 1382 4053 Christus
1425 3991 1508 4054 ita
1552 3991 1940 4072 Evangelium
1981 3992 2291 4056 humiliter
2314 3991 2572 4066 incedat,
2619 4010 2795 4074 quan-

503 4119 684 4184 quam
729 4099 1087 4161 coelestium
1129 4098 1346 4161 virium
1390 4096 1659 4178 plenum.
1708 4096 1908 4173 Quare
1953 4100 2194 4163 nonnisi
2239 4099 2448 4161 humili
2482 4098 2794 4179 Evangelio

501 4210 543 4275 i.
590 4227 647 4272 e.
691 4209 756 4271 in
797 4206 983 4270 Verbi
1019 4206 1315 4269 velamine
1352 4203 1656 4284 proposito
1701 4206 2026 4285 spiritualis
2072 4208 2322 4290 κρίσεως
2365 4223 2589 4268 munus
2630 4226 2790 4270 man·

504 4316 631 4381 dari
682 4321 951 4398 poterat:
1015 4330 1171 4395 quae
1229 4311 1487 4375 salutem
1545 4312 1909 4376 antecedere
1970 4312 2175 4378 debet.
2261 4311 2337 4377 Et
2393 4332 2576 4396 quum
2633 4314 2790 4378 idem
