2934 4797
1272 279 1353 345 87

149 459 360 515 tamen
410 453 588 516 Urbis
638 452 936 518 excidium
986 466 1045 518 et
1090 457 1380 520 iudaicae
1430 438 1634 537 gentis
1681 464 1941 535 stragem
1991 464 2129 518 ante
2176 444 2471 534 parusiam

148 579 327 622 suam
391 569 738 623 eventuram
800 563 1056 634 dixerat,
1122 564 1182 624 id
1231 563 1385 643 quod
1435 571 1574 641 post
1619 563 1842 642 aliquot
1887 579 2175 622 annorum
2221 561 2473 639 spatium

146 676 254 728 aut
301 669 475 729 citius
524 688 556 730 a
605 650 917 749 discipulis
967 674 1304 749 exspectari
1350 679 1621 749 poterat,
1670 678 1933 750 stragem
1979 687 2121 731 vero
2158 668 2323 729 illam
2367 685 2471 745 po-

134 774 275 853 'puli
320 773 681 835 ludaeorum
727 783 851 836 tam
896 775 1199 837 funestam
1244 778 1374 838 fore
1423 776 1729 847 docuerat,
1777 781 1844 836 ut
1887 773 2018 836 fieri
2065 791 2247 851 posse
2294 772 2474 834 vide-

143 889 318 941 retur
355 900 575 942 nomen
613 890 979 963 gentemque
1009 882 1378 945 ‚ludaeorum
1422 883 1602 963 plane
1655 884 1898 944 interire
1948 889 2089 942 ante
2149 882 2471 960 parusiam.

144 989 234 1049 lta
285 1007 425 1049 vero
475 989 747 1050 Christus
811 990 921 1050 sibi
986 1008 1105 1050 non
1175 992 1579 1063 constitisset,
1639 1008 1759 1050 nec
1802 988 2076 1060 ludaeis,
2133 986 2475 1067 praeventis

145 1113 374 1172 nempe
421 1095 642 1155 exitiali
683 1094 930 1172 judicio,
979 1096 1152 1157 locus
1198 1097 1444 1157 relictus
1497 1105 1664 1158 esset
1707 1097 2169 1174 resipiscentiae
2218 1091 2318 1175 (de
2358 1109 2471 1171 qua

147 1200 349 1278 capite
394 1202 573 1278 priori
618 1200 855 1261 locutus
905 1206 1063 1277 erat)
1112 1210 1172 1261 et
1210 1200 1423 1279 judicii
1469 1200 1839 1265 vivificantis.
1935 1198 2133 1275 Quare
2190 1202 2278 1259 sic
2327 1216 2474 1278 quo-

151 1322 276 1385 que
325 1324 570 1367 causam
620 1307 906 1368 idoneam
954 1308 1224 1370 Christus
1272 1309 1497 1371 habere
1545 1316 1803 1388 poterat,
1867 1326 1973 1368 cur
2030 1306 2105 1367 de
2151 1314 2330 1386 gente
2373 1306 2474 1367 Ju-

149 1411 322 1473 daica
343 1432 463 1474 non
492 1416 734 1493 penitus
765 1414 1061 1476 abolenda
1089 1415 1203 1476 sed
1230 1415 1302 1476 ad
1332 1416 1611 1494 parusiae
1639 1423 1878 1493 tempus
1897 1415 1993 1475 vel
2013 1420 2152 1494 post
2174 1411 2467 1474 excidium

149 1517 311 1579 illud
355 1519 713 1581 asservanda
759 1520 1127 1599 loqueretur.
1232 1519 1605 1601 Quamquam
1668 1519 1957 1590 concede,
2016 1519 2226 1581 Matth.
2274 1518 2472 1588 XXIII,

153 1624 242 1689 36
290 1629 440 1687 satis
488 1627 646 1688 clare
695 1628 969 1699 innuere,
1017 1648 1137 1689 non
1187 1629 1300 1689 hac
1337 1629 1465 1707 ipsa
1507 1637 1699 1693 aetate
1732 1628 1985 1690 eosdem
2021 1624 2475 1705 resipiscentiae

151 1733 503 1793 facultatem
560 1732 902 1804 habituroS,
969 1734 1068 1813 qui
1117 1732 1246 1811 jam
1308 1736 1367 1794 in
1432 1751 1507 1794 eo
1556 1742 1786 1805 essent,
1838 1739 1902 1793 ut
1947 1730 2252 1792 communi
2298 1731 2473 1808 quasi

147 1838 360 1918 populi
409 1856 717 1898 consensu
766 1840 1147 1917 evangelium
1196 1838 1551 1917 abjicerent.
1634 1838 1756 1901 Sed
1806 1856 1986 1918 quum
2049 1838 2201 1897 haec
2264 1837 2474 1913 resipi-

147 1945 384 2006 scentia
427 1946 737 2022 parnsiam
784 1944 1004 2006 debeat
1049 1945 1433 2017 antecedere,
1485 1948 1573 2006 sic
1620 1963 1859 2025 quoque
1906 1943 2115 2005 Matth.
2146 1940 2343 2011 ΧΧΙΙΙ,
2390 1937 2475 2004 36

148 2049 379 2110 indicat
421 2051 720 2127 parusiam
765 2069 935 2111 suam
984 2070 1101 2111 non
1152 2051 1263 2111 hac
1309 2052 1435 2129 ipsa
1486 2059 1678 2111 aetate
1728 2057 2078 2112 eventuram
2109 2065 2268 2118 esse,
2312 2045 2476 2107 unde

150 2156 356 2217 denuo
415 2158 723 2235 sequitur,
790 2156 1096 2218 Christum
1142 2176 1262 2219 non
1312 2159 1588 2237 potuisse
1636 2175 1689 2218 c.
1737 2155 1951 2227 XXIV,
2009 2152 2095 2220 34
2140 2155 2281 2214 huic
2328 2172 2475 2216 aevo

146 2263 453 2342 parusiam
497 2265 793 2343 polliceri.
868 2262 1068 2338 Quare
1101 2265 1457 2336 mirandum,
1508 2264 1666 2344 quod
1696 2264 2058 2326 Fritzschius
2086 2263 2247 2323 hunc
2276 2262 2478 2321 locum

151 2367 390 2452 (xxm,
439 2365 545 2442 36)
593 2369 965 2450 allegaverit,
1020 2372 1240 2450 quippe
1290 2370 1707 2433 adversantem
1755 2370 2025 2449 opinioni
2071 2369 2296 2448 ipsiuS,
2353 2384 2473 2428 non

150 2475 618 2552 suffragantem;
683 2476 843 2554 quod
903 2484 963 2537 et
1009 2476 1345 2539 Straussius
1407 2476 1665 2537 tacendo
1730 2476 1966 2537 videtur
2027 2470 2480 2555 agnoscere.⁴²).

150 2580 281 2643 Sed
328 2583 507 2642 etiam
551 2582 754 2642 locum
803 2581 1008 2646 Matth.
1054 2582 1204 2655 xv1,
1253 2583 1359 2647 28.
1408 2587 1533 2665 (cui
1580 2583 1680 2644 Lc.
1711 2582 1806 2653 IX,
1837 2581 1940 2645 27.
1990 2580 2105 2643 Mc.
2141 2580 2235 2652 lx,
2274 2584 2301 2644 t
2339 2586 2477 2642 sunt

150 2686 448 2769 paralleli)
514 2691 813 2767 parusiam
860 2690 1076 2751 Christi
1142 2687 1387 2751 finalem
1447 2690 1553 2751 illo
1614 2691 1747 2769 ipso
1804 2707 1949 2751 aevo
2013 2686 2475 2765 exspectandam

116 2795 402 2867 -docere,
450 2814 694 2875 prorsus
741 2796 1107 2874 negandum.
1175 2797 1237 2858 Si
1286 2798 1383 2876 qui
1426 2815 1564 2856 cum
1596 2796 1900 2878 Straussio
1931 2794 2239 2874 evangelia
2272 2800 2476 2856 nostra

150 2905 409 2980 tempori
459 2902 772 2983 adsignant
815 2911 953 2983 post
996 2906 1469 2984 praeterlapsam
1518 2921 1727 2965 eorum
1775 2911 2051 2974 aetatem,
2101 2904 2203 2982 qui
2241 2902 2478 2962 Christo

56 3041 61 3052 =
154 3009 450 3087 aequales
493 3017 689 3080 erant,
756 3012 1030 3088 tempori,
1081 3028 1197 3089 quo
1244 3011 1361 3071 tale
1410 3010 1631 3072 Christi
1677 3010 2019 3072 vaticinium
2064 3008 2284 3069 falsum
2338 3023 2478 3066 esse

148 3112 279 3190 jam
306 3131 594 3193 apparere
626 3115 846 3186 debuit,
887 3118 1125 3177 sibimet
1155 3117 1304 3194 ipsis
1334 3116 1767 3186 contradicunt,
1817 3123 1878 3177 et
1906 3115 2107 3176 denuo
2137 3116 2198 3174 in
2227 3113 2476 3191 laqueos

154 3219 429 3280 incidunt
457 3237 634 3299 supra
664 3213 1029 3283 monstratos
1059 3220 1387 3296 (not.·34.).
1427 3220 1662 3297 Quibus
1693 3239 1764 3281 ex
1793 3221 2084 3298 angustiis
2115 3227 2178 3280 ut
2207 3217 2474 3287 evadant,

155 3333 214 3387 et
262 3328 378 3406 ipsi
427 3326 504 3388 ad
564 3327 740 3388 aliam
785 3346 997 3389 versus
1044 3328 1249 3391 Matth.
1295 3327 1461 3401 XVI,
1521 3327 1607 3393 28
1667 3327 2145 3407 explanationem
2208 3326 2475 3387 converti

155 3429 503 3509 dehent.⁵⁸)

329 3536 460 3598 Jam
512 3557 654 3600 vero
710 3538 911 3600 locum
970 3541 1169 3619 ipsum
1231 3543 1647 3621 inspiciamus·
1739 3537 1924 3601 Marc.
1981 3538 2091 3609 lx,
2159 3537 2190 3600 1
2256 3538 2474 3598 habet:

295 3678 387 3743 42)
427 3680 663 3733 Str-ause.
703 3682 735 3732 l.
775 3698 817 3732 c.
857 3682 935 3732 ed.
977 3681 1025 3731 3.
1064 3696 1112 3746 p.
1152 3680 1271 3732 373.

295 3766 387 3831 43)
425 3769 592 3828 Quare
643 3768 846 3821 incaute
892 3785 1023 3819 sane
1069 3769 1151 3821 hic
1196 3785 1389 3836 quoque
1434 3768 1626 3819 incedit
1662 3767 1968 3819 Straussius
1987 3801 2007 3832 ,
2062 3780 2235 3815 vocem
2279 3758 2479 3832 γενεάν

155 3872 256 3907 non
296 3856 587 3905 vertendam
626 3871 748 3905 esse
787 3854 1092 3922 „gentem,“
1130 3857 1245 3907 inde
1283 3871 1479 3923 quoque
1516 3856 1730 3922 probare
1767 3859 2015 3907 conatusz
2065 3854 2192 3903 dass
2231 3867 2296 3902 an
2334 3853 2479 3903 einer

157 3946 350 3998 andern
388 3944 550 3995 Stelle
587 3942 792 4010 (matth.
814 3946 951 4012 xvi,
990 3946 1059 3997 28
1095 3945 1301 4011 parali.)
1339 3946 1421 3995 die
1458 3944 1866 4011 versicherung,
1904 3943 2005 3994 die
2042 3942 2328 3993 Ankunft
2363 3942 2475 3991 des

157 4032 764 4084 Menschensohnes
803 4034 955 4083 noch
993 4049 1068 4084 zu
1106 4033 1365 4084 erleben
1389 4067 1404 4095 ,
1442 4039 1573 4082 statt
1596 4048 1697 4083 von
1723 4033 1816 4083 der
1839 4026 2007 4099 γενεὰ
2034 4023 2183 4095 αὕτη,
2223 4030 2476 4095 gersdezu

158 4137 254 4171 von
291 4120 402 4172 τισὶ
435 4121 549 4174 τῶν
584 4105 695 4173 ὧδε
732 4112 982 4174 ἑστώτων
1019 4123 1247 4187 gegeben
1277 4121 1421 4183 wir-d,
1459 4121 1700 4173 wodnroh
1722 4121 1838 4171 ants
1859 4120 2323 4172 Entscheidendste
2353 4119 2477 4169 dar-

130 4189 347 4274 ‘gethan
393 4210 493 4276 ist,
548 4211 675 4261 dass
711 4210 875 4260 Jesus
924 4211 1050 4261 auch
1097 4226 1159 4260 an
1210 4225 1397 4260 unsrer
1434 4209 1595 4260 Stelle
1641 4215 1787 4260 unter
1821 4209 1996 4271 jenem
2039 4209 2341 4259 Ausdruokc
2379 4207 2473 4256 das

160 4299 467 4352 Geschlecht
503 4299 680 4352 seiner
714 4299 1096 4365 Zeitgenossen
1137 4300 1448 4350 verstanden
1486 4298 1592 4350 hat.
1631 4299 1698 4351 οἴ.
1735 4302 1840 4350 not.
1879 4312 1985 4364 seq.
