2934 4797
1337 240 1378 310 ⁷

178 422 265 484 de
317 423 453 486 alia.
542 420 869 504 Utramque
919 424 1080 485 enim
1124 428 1356 502 partem
1410 426 1640 487 tantum
1694 420 1958 485 veritatis
2012 421 2238 483 habere
2301 425 2363 482 et
2420 439 2514 482 as-

176 547 384 591 sensu
427 537 623 593 textus
670 532 750 596 ita
797 529 1061 611 gaudere
1106 528 1466 613 videbimus,
1513 535 1580 592 ut
1623 529 2002 593 adversariae
2047 530 2202 610 parti
2232 528 2370 608 jure
2402 547 2513 590 suo
2580 593 2583 598 Α

175 638 448 700 resistat.
539 635 711 698 Unde
769 637 956 700 dehet
1015 637 1298 710 elucere,
1363 655 1488 698 non
1536 636 1613 698 de
1661 638 1779 699 una
1822 642 1890 699 re
1937 635 2048 698 sed
2105 635 2181 698 de
2242 635 2511 716 pluribus

173 749 415 836 textum
458 743 645 825 loqui.
1919 738 1922 742 ’

363 850 683 931 Exegetica
728 870 876 914 sane
921 853 981 915 vi
1025 870 1149 913 non
1195 856 1320 914 arte
1364 857 1618 930 utraque
1663 867 1806 930 pars
1852 868 2062 923 suum,
2120 848 2282 930 quod
2325 851 2512 930 potis-

177 956 411 1018 simum
453 959 658 1030 voluit,
707 965 984 1021 assecuta
1033 964 1162 1020 est:
1221 957 1404 1038 genio
1454 974 1565 1018 suo
1611 957 1811 1036 potius
1857 956 2270 1035 indulgenteS‚
2330 975 2508 1037 quam

175 1065 538 1126 necessitati
580 1065 929 1143 exegetieae
960 1062 1254 1126 cedentes
1291 1063 1531 1143 utrique
1562 1081 1739 1124 suum
1782 1064 1844 1124 in
1874 1062 2077 1124 locum
2106 1062 2504 1128 devenerunt.

176 1171 338 1232 Nam
391 1173 707 1251 persuasio
764 1171 904 1244 illa,
972 1171 1276 1232 Christum
1323 1170 1402 1233 ad
1439 1168 1673 1249 judicia
1723 1177 1986 1233 extrema
2030 1169 2400 1243 rediturum,
2474 1189 2507 1233 a

176 1276 626 1339 recentioribus
670 1278 802 1339 istis
849 1283 954 1338 aut
998 1278 1245 1338 omnino
1290 1277 1552 1338 recessit
1597 1282 1701 1338 aut
1756 1275 2057 1357 elanguit:
2122 1275 2266 1338 fidei
2318 1278 2506 1340 histo-

175 1386 346 1446 ricae
406 1400 547 1444 sese
606 1381 965 1462 profitentur
1029 1383 1291 1445 cultores
1354 1383 1958 1455 observantissimoS,
2028 1382 2142 1444 sed
2202 1383 2508 1446 Christum

176 1491 403 1553 habent
447 1508 620 1552 mere
666 1489 1058 1563 historicum,
1122 1491 1164 1553 i.
1213 1483 1269 1553 e.
1315 1492 1741 1569 praeteritum,
1807 1508 1903 1551 noi

177 1597 490 1680 hodieque
537 1596 739 1672 idem,
804 1598 942 1661 fons
988 1600 1143 1661 vitae
1192 1597 1624 1678 coelorumque
1681 1615 1786 1660 rex
1829 1599 1890 1659 in

170 1703 362 1783 judex
405 1708 641 1770 futurus
688 1714 1062 1769 mortuorum
1109 1711 1172 1766 et
1217 1706 1503 1768 vivorum.
1550 1705 1808 1768 Veteres
1857 1723 1903 1766 ai

177 1811 429 1874 redituri
468 1815 603 1894 spei
641 1815 721 1875 ita
759 1810 1090 1873 indulsisse
1131 1815 1386 1883 constat,
1434 1818 1501 1872 ut
1526 1809 1903 1891 Hierosolym

177 1918 329 1980 nihil
377 1919 612 1982 Christo
663 1917 871 1997 judice
919 1925 982 1979 et
1024 1919 1324 1997 religione
1376 1916 1508 1996 ejus
1572 1916 1821 1996 dignum
1878 1920 1898 1980 i

176 2033 491 2107 peractum
551 2045 692 2089 esse
755 2033 1055 2107 putarent.
1140 2027 1344 2104 Quare
1405 2029 1623 2090 horum
1676 2045 1799 2089 non
1857 2029 2034 2107 pauci
2082 2029 2273 2109 capite
2319 2024 2505 2091 XXIV

180 2133 337 2214 apud
367 2132 581 2197 Matth.
617 2132 1174 2216 Hierosolymorum
1219 2136 1462 2198 nonnisi
1506 2143 1790 2216 tanquam
1831 2139 1957 2216 typi
1994 2135 2212 2215 judicii
2250 2137 2502 2200 extremi

179 2239 258 2322 (v,
306 2247 430 2305 not.
480 2240 582 2322 2),
648 2242 895 2303 minime
953 2262 1098 2306 vero
1158 2241 1338 2322 hujus
1396 2243 1567 2305 urhis
1626 2245 1818 2323 ipsius
1882 2261 2061 2306 causa
2118 2246 2500 2308 mentionem

162 2348 393 2412 factam
440 2366 581 2410 esse
627 2347 934 2411 affirmant.

354 2453 481 2517 Sed
524 2473 734 2518 revera
764 2456 1066 2520 Christum
1112 2456 1189 2520 de
1234 2460 1433 2521 urhis
1484 2477 1735 2521 sacrae
1781 2462 2026 2523 interitu
2075 2479 2147 2523 ex
2190 2467 2497 2544 proposito

178 2563 341 2643 loqui
388 2570 451 2625 et
492 2562 832 2628 Matthaeus
879 2564 1148 2629 ostendit
1190 2566 1389 2640 XXIV,
1459 2567 1517 2631 1.
1566 2568 1626 2631 2.
1676 2569 1774 2630 cll.
1830 2567 1929 2634 15.
1982 2568 2082 2635 16.
2132 2567 2289 2654 (τότε
2337 2573 2397 2637 οἱ
2438 2572 2497 2641 ἐν

177 2678 244 2752 τῇ
280 2672 535 2753 Ἰουδαίᾳ
573 2672 944 2757 φευγέτωσαν
978 2673 1070 2738 ἐπὶ
1110 2670 1186 2738 τὰ
1228 2672 1339 2757 ὄρη
1378 2672 1500 2737 Mc.
1531 2673 1679 2749 XIII,
1714 2672 1843 2758 14.)
1875 2683 1936 2738 et
1961 2676 2158 2741 Lucas
2186 2682 2361 2741 testis
2401 2687 2496 2744 est

176 2775 332 2849 XXI,
381 2775 486 2842 21.
540 2774 651 2851 24,
701 2785 764 2840 et
807 2797 988 2841 nemo
1037 2797 1223 2854 sane,
1273 2779 1435 2860 quod
1481 2782 1695 2854 norim,
1745 2800 1817 2843 ex
1860 2784 2301 2846 recentioribus
2346 2786 2495 2850 illud

178 2893 378 2967 negat.
468 2885 643 2967 Apud
688 2894 930 2950 veteres
978 2888 1225 2968 quidem
1268 2889 1703 2968 percrebuerat
1759 2892 1997 2971 opinio,
2060 2891 2495 2957 Antichristum

180 3011 250 3055 ex
307 3000 488 3072 gente
536 2993 781 3057 Judaica
835 2996 966 3057 fore
1027 2995 1384 3070 oriundum,
1447 2999 1865 3059 restituturum
1925 3000 2219 3081 templum
2279 3003 2491 3084 suique

175 3102 364 3179 ipsius
403 3102 631 3163 cultum
675 3103 1112 3175 instituturum,
1159 3110 1509 3184 tantamque
1560 3103 1693 3183 ejus
1730 3104 1861 3167 fore
1899 3109 2256 3186 potentiam,
2303 3114 2370 3171 ut
2395 3128 2491 3172 re-

179 3207 369 3269 ductis
429 3209 490 3269 in
551 3207 947 3272 Palaestinam
1016 3208 1418 3291 undequaque
1477 3210 1721 3274 Iudaeis
1784 3212 2205 3295 Hierosolyma
2272 3217 2494 3281 haheat

177 3295 583 3395 templumque
643 3319 815 3395 regni
879 3317 971 3378 sui
1029 3317 1355 3389 thronum,·
1399 3316 1693 3381 Judaeam
1738 3337 1879 3382 vero
1925 3339 2035 3401 per
2078 3322 2297 3385 multas
2342 3344 2487 3407 gen·
2560 3320 2565 3327 ’

177 3429 266 3483 tes
311 3424 873 3505 patentisimperii'
911 3432 1229 3486 centrum.
1301 3424 1712 3500 Quamobrem
1771 3430 1872 3509 qui
1930 3430 2043 3491 ista
2089 3433 2487 3508 somniavere,

178 3532 523 3608 opinantur,
575 3550 648 3593 eo
691 3534 825 3610 ipso
869 3523 1125 3593 consilio
1174 3550 1427 3594 monere
1477 3532 1778 3597 Christum
1828 3554 1884 3599 v.
1941 3533 2074 3610 16.,
2124 3544 2191 3600 ut
2240 3556 2487 3605 suorum

180 3640 428 3719 quisque
488 3639 591 3701 illo
649 3646 924 3719 tempore
969 3638 1259 3702 Judaeam
1323 3645 1384 3703 et
1425 3640 1777 3704 Antichristi
1828 3661 2085 3725 regnum
2141 3646 2405 3727 effugiat.
2437 3646 2486 3733 ⁸)

311 3854 369 3920 4)
407 3855 578 3917 Hujrrs
615 3852 872 3920 opinionis
910 3868 973 3904 ea
1009 3856 1095 3904 est
1129 3852 1488 3922 singularitas,
1524 3858 1580 3906 ut
1601 3857 1940 3924 quaerendum
1969 3858 2058 3925 sit,
2094 3860 2225 3911 unde
2250 3856 2489 3917 manarit.

177 3945 247 3997 lle
283 3942 604 3995 Antichristo
657 3941 855 4009 quidem
894 3957 991 3993 suo
1027 3946 1256 4010 tempore
1292 3941 1515 3998 affuturo
1551 3944 1755 3997 aliunde
1800 3946 1957 3998 multa
1997 3952 2122 4000 nota
2163 3955 2326 4005 erant.
2381 3951 2488 4005 Sed

178 4034 302 4085 mira
333 4034 440 4101 illa,
478 4048 622 4101 quam
659 4029 1018 4099 indicavimuS,
1052 4030 1341 4084 sententiae
1378 4030 1534 4097 hujus
1572 4034 1855 4086 efformatio
1894 4035 1943 4086 si
1980 4051 2078 4087 non
2115 4041 2279 4090 ortum
2316 4042 2489 4092 temen

180 4137 348 4172 ansam
387 4121 546 4187 cepit,
592 4120 645 4171 ni
682 4119 864 4183 fallor,
916 4136 976 4170 ex
1013 4120 1432 4187 interpretatione
1470 4121 1567 4173 loci
1606 4123 1775 4174 nostri
1812 4124 2183 4177 Antichristum
2220 4143 2378 4181 versu
2419 4130 2484 4182 14

179 4209 474 4283 (βδέλυγμα
518 4210 614 4278 τῆς
657 4202 981 4283 ἐρημώσεως
1017 4205 1182 4268 ἑστώς
1226 4209 1288 4266 ἐν
1330 4203 1484 4281 τόπῳ
1530 4204 1693 4283 ἁγίῳ)
1740 4214 2171 4285 deprehendente,
2224 4224 2275 4271 et
2317 4220 2482 4273 locum

179 4303 210 4353 2
243 4302 432 4354 Thess.
469 4302 539 4371 11,
573 4302 606 4352 4
643 4300 746 4355 sibi
783 4299 1124 4353 adsciscente.
