2934 4797
1564 205 1644 276 16

440 383 705 451 reditum
748 404 928 450 suum
967 385 1044 452 ad
1081 386 1383 467 judicium
1429 394 1767 452 extremum
1809 386 2198 468 significaret.
2287 384 2491 462 ‘Quare
2543 383 2802 456 elucet3

438 513 564 579 non
608 493 846 556 meliori
890 495 1027 557 loco
1074 497 1305 576 positos
1353 513 1497 559 esse
1545 514 1685 569 eos,
1738 497 1842 583 qui
1886 493 2031 557 inde
2078 513 2113 557 a
2149 512 2205 557 v.
2236 489 2321 559 36
2372 491 2620 554 demum
2675 497 2809 553 aut

440 595 526 664 43
564 599 775 661 Jesum
821 599 899 663 ad
948 600 1248 681 judicium
1296 609 1628 666 extremum
1687 603 2004 666 transiisse
2049 607 2283 682 putant,
2341 600 2429 662 uti
2474 595 2805 660 Siisskind

447 712 508 767 et
534 705 821 780 Kuinoel;
874 714 973 770 aut
1010 717 1147 782 θός,
1200 710 1304 790 qui
1348 726 1544 790 usque
1591 708 1667 772 ad
1698 715 1873 791 caput
1905 706 2081 781 XXV,
2122 706 2201 772 31
2256 704 2633 768 delabuntur.
2674 703 2801 783 (cf.

443 813 675 876 Schott.
721 832 782 893 p.
822 812 956 893 75.)
1048 813 1221 890 Quae
1286 816 1655 896 hypotheses
1698 835 1823 878 non
1866 796 2052 881 unam
2094 814 2382 885 voculam„
2430 818 2532 874 aut
2588 809 2804 909 duaS.

443 919 553 984 sed
600 941 847 1002 omnem
892 925 1180 986 orationis
1225 930 1531 999 tenorem,
1594 924 1775 988 verba
1819 925 2190 1004 sensumque
2236 923 2420 985 totius
2474 920 2801 981 sectionis

443 1029 669 1092 habent
712 1031 1063 1093 reluctantia
1109 1037 1174 1093 et
1219 1035 1441 1094 erroris
1495 1034 1665 1112 ipsos
1713 1032 2152 1095 convincentia.
2247 1026 2426 1104 Quod
2484 1044 2636 1089 sane
2690 1043 2800 1087 -ex

440 1138 518 1197 iis
563 1136 650 1197 illi
697 1138 970 1199 sensisse
1016 1135 1325 1212 videntur,
1387 1139 1490 1219 qui
1532 1138 1820 1213 fatentur,
1879 1138 1974 1200 his
2019 1135 2292 1201 versibus
2319 1132 2479 1196 inde
2524 1149 2557 1193 a
2601 1134 2799 1196 vice-

444 1245 596 1306 simo
657 1230 817 1305 nono
870 1243 1028 1325 apud
1072 1244 1284 1309 Matth.
1347 1244 1423 1309 de
1469 1245 2029 1328 Hierosolymorum
2094 1242 2328 1306 excidio
2384 1239 2628 1303 nonnisi
2694 1239 2797 1301 ita

446 1350 640 1413 adhuc
687 1352 811 1428 agi,
858 1358 925 1413 ut
958 1350 1518 1432 Hierosolymorum
1562 1352 1844 1418 interitus
1884 1360 2059 1433 typus
2101 1348 2281 1412 fieret
2329 1344 2794 1411 combustionis

443 1453 739 1540 mundi.⁸)
805 1456 931 1523 Sed
969 1465 1029 1521 et
1072 1459 1190 1521 hoc
1233 1460 1410 1539 plane
1459 1459 1804 1522 erroneum.
1849 1458 2219 1540 Quanquam
2255 1457 2427 1519 enim
2467 1453 2791 1533 judicium

444 1564 518 1627 de
564 1565 997 1645 Hierosolymis
1056 1567 1242 1630 latum
1287 1569 1539 1630 extremi
1593 1566 1811 1647 judicii
1868 1576 2076 1648 typum
2121 1567 2424 1643 insignem
2471 1562 2612 1624 esse
2681 1560 2789 1621 lu·

442 1674 659 1735 beuter
718 1673 1038 1748 confiteor,
1097 1683 1301 1737 tamen
1347 1677 1549 1755 typice
1596 1674 1673 1738 de
1730 1695 1798 1739 re
1846 1676 2052 1757 quavis
2100 1675 2182 1736 ita
2240 1672 2486 1739 demum
2546 1669 2789 1732 disseri

443 1789 669 1861 potest,
718 1790 784 1844 ut
830 1789 968 1844 ante
1015 1782 1220 1844 omnia
1248 1789 1455 1861 agatur
1502 1782 1577 1845 de
1614 1791 1680 1845 re
1710 1784 1835 1857 illa,
1886 1800 2048 1875 quae
2072 1781 2408 1843 futurorum
2434 1785 2607 1859 typus
2658 1776 2780 1837 sit:

444 1887 559 1949 sed
601 1907 986 1970 nequaquam
1049 1890 1144 1951 his
1189 1890 1466 1952 versibus
1528 1889 1604 1952 de
1649 1890 2090 1971 Hierosolymis
2152 1889 2406 1951 ulterius
2464 1885 2780 1947 Christum

442 1995 632 2076 loqui,
680 1998 828 2058 satis
873 2002 1268 2071 monstratum
1313 1996 1477 2076 puto.
1749 2072 1754 2075 ,

619 2092 927 2164 Securiori
989 2103 1192 2183 itaque
1250 2082 1485 2175 tramite
1547 2090 1844 2166 incedere
1898 2101 2204 2174 videntur,
2276 2101 2380 2181 qui
2444 2114 2774 2160 caesuram

442 2209 636 2282 illam,
684 2209 1242 2290 Hierosolymorum
1288 2209 1652 2273 dirutionem
1681 2229 1714 2272 a
1754 2218 2092 2291 temporum
2126 2210 2531 2289 posteriorum
2579 2224 2770 2268 even-

441 2317 601 2380 tibus
650 2316 1076 2397 sejungentern
1123 2324 1182 2380 et
1226 2319 1389 2381 clare
1437 2316 1949 2400 distinguentem,
2012 2323 2180 2380 ante
2238 2333 2481 2380 versum
2543 2314 2771 2377 vicesi-

443 2444 609 2487 mum
657 2445 888 2488 nonum
934 2445 1002 2488 se
1048 2427 1352 2506 reperisse
1402 2427 1520 2489 sibi
1563 2426 1950 2507 persuadent.
2044 2424 2222 2488 Haud
2277 2426 2561 2505 exiguum
2617 2440 2769 2484 sane

445 2533 826 2596 commodum
872 2536 1036 2597 nacti
1082 2534 1200 2596 sibi
1247 2553 1386 2596 esse
1431 2533 1815 2609 videbantur,
1865 2537 1917 2597 si
1965 2540 2105 2596 ante
2151 2536 2441 2615 ipsum'v.
2490 2530 2573 2599 29
2619 2531 2765 2593 talia

443 2640 741 2723 quaedam
786 2644 1191 2721 reperissent,
1241 2644 1603 2734 quibuscum
1658 2648 1797 2723 apte
1842 2643 2062 2705 vocula
2091 2643 2320 2715 εὐθέως
2365 2643 2444 2703 ita
2477 2637 2768 2717 conjungi

441 2754 679 2830 posset,
730 2758 793 2812 ut
841 2749 919 2812 ad
965 2767 1053 2831 ea,
1093 2768 1248 2830 quae
1277 2750 1835 2831 Hierosolymorum
1881 2750 2186 2813 interitum
2228 2751 2497 2829 proxime
2538 2764 2767 2827 seque-

440 2864 682 2930 rentur,
733 2876 868 2919 eam
912 2855 1216 2919 referendi
1261 2855 1424 2920 nulla
1461 2860 1802 2921 necessitas
1850 2858 2277 2939 obstringeret.

619 2963 745 3026 Sed
789 2965 888 3026 hic
955 2983 1195 3046 quoque
1260 2984 1479 3045 magna
1535 2968 1884 3047 opinionum
1948 2968 2205 3029 varietas
2261 2965 2483 3027 oboriri
2542 2968 2770 3041 potest.

438 3070 675 3133 Etenim
711 3077 837 3132 aut
882 3072 1085 3132 omnia
1129 3072 1189 3133 in
1234 3073 1513 3133 sectione
1564 3069 1837 3134 secunda
1878 3076 1952 3151 (v.
2000 3070 2077 3136 15
2119 3068 2277 3152 sqq.)
2317 3071 2491 3133 obvia
2536 3077 2597 3131 et
2625 3076 2766 3130 ante

438 3196 677 3242 versum
705 3175 788 3243 26
825 3180 1019 3259 posita
1049 3177 1126 3240 ad
1152 3169 1425 3259 tempora
1453 3177 1700 3242 Judaeis
1736 3177 1973 3241 funesta
1999 3178 2231 3241 referre
2257 3178 2513 3258 poteriS,
2554 3193 2771 3240 versus

441 3283 547 3351 26.
577 3286 687 3356 27.
711 3284 796 3351 28
833 3295 1036 3349 autem
1072 3304 1382 3349 reservare
1429 3289 1800 3366 temporibus
1848 3287 2390 3367 subsequentibus3
2440 3284 2501 3368 (i.
2552 3303 2618 3346 e.>
2653 3302 2770 3346 seu

433 3392 663 3469 ,iudicio
711 3400 977 3456 extremo
1027 3412 1139 3455 seu
1186 3411 1335 3458 aevo
1383 3393 1638 3466 cuidam
1672 3393 2094 3480 intermedio);
2150 3402 2268 3457 aut
2302 3410 2636 3457 recurrere
2685 3392 2767 3453 ad

438 3518 682 3564 versum
728 3500 814 3566 24
860 3509 988 3564 aut
1030 3501 1147 3574 23,
1211 3508 1335 3563 aut
1379 3500 1498 3574 21·,
1567 3509 1627 3563 et
1683 3508 1933 3574 cuncta,
1999 3520 2155 3583 quae
2203 3509 2541 3583 sequuntur
2595 3505 2759 3561 certe

443 3624 636 3687 usque
686 3605 762 3670 ad
807 3626 861 3669 v.
894 3606 1020 3678 29„
1053 3606 1234 3669 statui
1268 3606 1357 3668 illi
1383 3606 1747 3669 intermedio
1775 3606 1873 3670 vel
1900 3606 2129 3687 judicio
2162 3614 2428 3670 extremo
2460 3606 2657 3669 dicare
2690 3603 2762 3686 ⁹).

582 3817 641 3883 8)
678 3817 947 3885 Lightfoot
962 3819 999 3872 l.
1019 3835 1065 3872 ο.
1082 3820 1148 3871 ad
1167 3835 1211 3871 v.
1233 3818 1318 3871 30.
1331 3835 1379 3887 p.
1401 3818 1524 3872 367.
1559 3820 1708 3873 Alios
1728 3821 1930 3875 videsis
1952 3822 2083 3890 apud
2100 3820 2299 3875 Schott.
2319 3840 2372 3890 p.
2388 3822 2470 3877 76.
2490 3840 2540 3876 n.
2562 3822 2644 3875 29.

585 3905 642 3971 9)
678 3907 785 3975 Jis,
835 3907 916 3976 qui
966 3908 1169 3974 uspiam
1214 3913 1361 3959 ante
1407 3924 1620 3961 versum
1657 3910 1724 3961 29
1777 3916 1830 3963 et
1871 3916 1992 3978 post
2040 3926 2089 3963 v.
2145 3912 2372 3963 15—20
2421 3912 2630 3978 gradum
2674 3913 2766 3981 figi

450 3997 627 4048 volunt
677 3998 962 4065 certosque·
1000 3996 1380 4049 ‹listInctionum
1417 4000 1550 4050 fines
1589 4000 1895 4069 anquirunt,
1947 4000 2254 4053 accensendi
2289 4006 2411 4054 sunt
2446 4019 2474 4055 e
2510 4002 2763 4055 veteribus

447 4085 999 4153 chrysostomus,
1035 4086 1118 4153 qui
1155 4090 1295 4138 teste
1316 4086 1515 4139 Catena
1550 4088 1806 4141 aPossin.
1830 4089 1908 4140 ed.
1944 4105 1993 4156 p.
2017 4088 2119 4141 319
2140 4088 2352 4155 ambigit
2388 4090 2524 4157 (oum
2543 4089 2760 4143 Luthero

445 4188 494 4227 v.
532 4177 636 4226 not.
675 4173 752 4241 2),
789 4177 954 4225 utrum
992 4175 1154 4226 verba
1187 4189 1251 4239 v.⁸
1280 4173 1375 4226 21:
1425 4175 1567 4243 „erit
1601 4175 1862 4229 tribulatio
1900 4192 2113 4246 magna,
2164 4177 2333 4247 qualis
2370 4194 2471 4231 non
2508 4178 2605 4231 fnit
2647 4178 2761 4232 inde

447 4263 511 4315 ab
545 4262 691 4315 initio
728 4261 965 4331 mundi,“
1015 4265 1080 4316 ad
1104 4266 1251 4317 urbis
1290 4264 1539 4318 excidium
1576 4282 1641 4319 an
1678 4268 1741 4319 ad
1777 4266 1924 4321 orbis
1942 4269 2430 4323 consummationem
2462 4268 2758 4338 pertineant.
