2934 4797
1575 257 1615 325 6

429 438 617 502 officii
660 440 887 501 unitate
937 438 1288 519 complexus
1337 457 1481 500 esse
1528 436 1821 500 videatur.
1916 438 2043 500 Sed
2102 438 2433 519 suspicioni
2490 437 2581 498 illi
2640 455 2791 498 non

428 548 613 609 nimis
664 545 1051 608 tribuendum
1109 563 1358 611 censeo.
1431 546 1701 619 Etenim,
1762 564 2105 626 quanquam
2160 551 2365 627 operis
2422 544 2791 608 eschatolo-

431 656 550 737 gici
595 654 893 716 unitatem
936 654 1119 715 facile
1171 653 1543 727 concedam,
1591 652 1771 732 hujus
1819 660 2026 715 tamen
2064 658 2270 735 operis
2310 655 2583 719 diversae
2623 659 2793 714 sunt

428 767 657 842 partes,
705 779 827 822 non
877 767 1154 840 tempore
1203 760 1400 821 solum
1423 805 1438 832 ‚
1491 758 1608 820 sed
1655 762 1838 821 etiam
1884 761 2119 822 interna
2167 760 2374 822 indole
2426 761 2788 822 distinctae.

428 867 502 931 Et
533 868 585 928 si
618 870 754 948 quis
777 846 1016 938 dixerit,
1047 871 1250 945 partes
1281 865 1529 945 quidem
1557 883 1667 945 per
1694 884 1834 926 sese
1867 874 2169 946 spectatas
2200 869 2351 943 satis
2380 885 2520 929 esse
2559 864 2793 927 distin-

431 983 580 1048 ctae,
622 974 733 1037 sed
754 991 1039 1036 sermone
1060 971 1215 1052 apud
1234 971 1608 1034 Matthaeum
1640 978 1701 1033 et
1727 973 1937 1053 parali.
1969 973 2144 1035 obvio
2177 972 2599 1036 distinctiones
2623 972 2788 1034 abo-

430 1082 548 1144 leri
568 1080 669 1161 (de
699 1082 815 1161 qua
844 1097 911 1141 re
934 1078 1087 1142 infra
1114 1076 1502 1161 videbimus),
1533 1080 1779 1140 minime
1799 1086 2003 1141 tamen
2032 1080 2171 1142 loco
2191 1083 2308 1161 ipsi
2337 1079 2785 1144 Matth.xxlv.

432 1189 673 1259 crimini
695 1187 823 1249 dari
840 1193 1042 1266 potest
1060 1203 1162 1247 res
1184 1203 1331 1247 sane
1361 1187 1513 1247 mira
1540 1185 1659 1259 illa,
1682 1184 1844 1266 quod
1876 1185 1953 1247 de
1981 1189 2103 1249 una
2131 1185 2379 1268 quidem
2398 1202 2463 1248 re
2495 1193 2596 1248 aut
2622 1185 2786 1248 inde

433 1316 468 1360 a
487 1316 541 1360 v.
569 1295 648 1360 15
670 1314 803 1376 sqq.
834 1301 935 1356 aut
953 1311 1064 1374 per
1084 1299 1279 1361 totum
1299 1300 1478 1372 caput
1497 1291 1576 1375 (v.
1600 1289 1844 1377 4—36)
1868 1295 1964 1375 agi
1984 1295 2221 1375 utrique
2238 1294 2465 1367 volunt,
2487 1292 2599 1355 sed
2617 1294 2784 1355 alius

433 1421 564 1429 ——-—-

431 1472 653 1527 ο11.19’7.
680 1469 772 1536 (al.
804 1469 887 1523 78.
912 1469 1007 1534 80)
1044 1485 1173 1538 quae
1208 1469 1350 1522 infra
1385 1469 1768 1523 memorabitur.
1843 1471 1946 1524 Sed
1977 1471 2209 1540 quamvis
2238 1471 2565 1539 Augustinus
2612 1471 2782 1538 longe

433 1561 652 1625 omnium
689 1558 1149 1625 praestantissime
1186 1559 1248 1611 de
1285 1575 1336 1612 V.
1376 1558 1442 1611 14
1471 1559 1762 1623 judiearet,
1799 1559 1968 1628 ibique
2006 1576 2133 1628 opus
2171 1560 2419 1627 religioni
2454 1559 2781 1614 christianae

430 1652 485 1705 in
522 1652 621 1703 hac
663 1653 806 1702 terra
838 1649 1204 1717 perficiendum
1248 1647 1526 1701 indicatum
1573 1648 1867 1701 clarissime
1913 1650 2265 1719 perspiceret,
2321 1656 2489 1702 tamen
2537 1667 2620 1702 ne‘
2652 1651 2777 1718 ipse

430 1740 632 1809 quidem
666 1738 783 1807 quid
823 1739 958 1789 satis
996 1737 1124 1789 certi
1162 1738 1224 1788 de
1261 1737 1463 1789 ratione
1501 1737 1641 1790 inter
1686 1753 1735 1790 v.
1774 1737 1950 1790 4-14
1989 1744 2041 1790 et
2075 1755 2124 1791 v.
2167 1739 2230 1790 15
2270 1755 2377 1808 sqq.
2421 1739 2780 1792 intercedente

432 1832 703 1896 statueret,
741 1827 990 1881 habuisse
1026 1826 1247 1878 videtur.
1307 1827 1460 1879 Certe
1497 1825 1770 1894 intercepti
1806 1843 1864 1891 v„
1894 1828 1960 1881 15
1998 1827 2071 1879 fili
2108 1828 2335 1895 speciem
2373 1844 2468 1879 nec
2504 1828 2617 1895 ipse
2655 1831 2780 1881 dis-

435 1919 628 1987 solvit,
679 1934 794 1970 cum
839 1915 1149 1984 praesertim
1194 1921 1318 1985 post
1362 1916 1508 1970 urbis
1555 1917 1754 1969 ruinam
1794 1923 1846 1970 et
1880 1923 2001 1985 post
2035 1919 2254 1971 medium
2291 1921 2535 1988 quoddam
2574 1935 2778 1988 aevum,

434 2008 713 2079 quod2ipse
744 2005 1026 2058 indicatum
1061 2005 1285 2075 reperit,
1323 2004 1606 2058 orationem
1643 2006 1705 2057 ad
1740 2003 1800 2058 τὰ
1838 2007 1990 2066 τέλος
2027 2023 2078 2058 v.
2118 2008 2185 2059 14
2222 2023 2493 2061 recurrere
2532 2008 2779 2058 fateatur.

430 2101 491 2168 β)
529 2099 635 2151 Sed
670 2101 878 2164 praeter
912 2088 1044 2148 haec
1095 2096 1305 2148 altera
1338 2096 1529 2148 Patres
1568 2097 1804 2165 antiquos
1843 2096 2105 2166 ceteroqui
2140 2099 2202 2150 de
2248 2114 2408 2151 versu
2458 2099 2521 2150 15
2561 2113 2669 2165 sqq.
2709 2098 2778 2148 ad

433 2189 578 2241 urbis
629 2187 834 2240 exitium
884 2187 1158 2239 referendo
1203 2187 1618 2252 consentientes,
1664 2192 1806 2240 tenet
1841 2188 2144 2240 diversitas.
2216 2188 2383 2240 Valde
2430 2188 2565 2240 enim
2610 2187 2664 2238 in
2710 2203 2778 2238 eo

434 2277 723 2342 ambigunt,
748 2290 1034 2344 -quousque
1078 2279 1254 2343 pateat
1297 2275 1550 2328 Iudaicae
1596 2275 1907 2328 calamitatis
1955 2275 2277 2328 vaticinatio.
2337 2277 2413 2328 De
2450 2292 2548 2345 qua
2583 2292 2638 2327 re
2676 2291 2779 2327 suo

432 2367 548 2420 loco
591 2367 738 2435 plura
782 2365 1000 2418 dicenda
1050 2368 1216 2418 erunt.
1289 2366 1349 2418 Id
1397 2381 1585 2434 unum,
1641 2366 1876 2434 quoniam
1922 2366 1985 2418 ad
2029 2366 2338 2419 luculentum
2385 2366 2637 2419 historiae
2672 2364 2777 2419 loci

433 2461 760 2524 conspectum
794 2456 1002 2507 multum
1038 2455 1198 2522 facit,
1236 2445 1437 2508 referre
1475 2456 1572 2507 hoc
1607 2455 1719 2508 loco
1747 2459 1927 2520 juvat:
1964 2461 2230 2524 postquam
2260 2457 2565 2509 intromissa
2602 2457 2777 2509 fuerat

433 2546 916 2615 Hierosolymorum
961 2545 1151 2598 mentio
1187 2546 1402 2613 primum
1438 2546 1493 2598 in
1530 2562 1721 2597 versus
1760 2546 1961 2614 5-14,
2001 2547 2181 2601 deinde
2216 2547 2268 2598 in
2307 2563 2497 2599 versus
2541 2547 2603 2598 15
2643 2563 2774 2616 sqq.,

431 2651 578 2687 mora
621 2635 761 2686 nulla
804 2635 1019 2710 dabatur
1065 2638 1183 2686 ante
1229 2651 1281 2686 v.
1331 2633 1431 2699 29,
1488 2638 1541 2686 et
1590 2633 1674 2702 qui
1712 2639 1800 2687 aut
1836 2640 1993 2686 totam
2031 2635 2315 2688 sectionem
2338 2636 2400 2686 'v.
2443 2636 2648 2687 15—28
2685 2642 2778 2688 aut

433 2725 622 2777 saltem
660 2725 775 2787 ejus
813 2729 1010 2789 partem
1048 2721 1131 2788 (e.
1170 2739 1223 2789 g.
1261 2739 1308 2774 v.
1349 2724 1562 2775 21—-28
1600 2728 1688 2775 aut
1724 2724 1972 2790 23—28)
2011 2716 2167 2776 rebus
2208 2722 2451 2775 extremis
2492 2740 2769 2777 reservare

432 2816 689 2881 volebant,
724 2814 1034 2881 pedetentim
1070 2814 1235 2880 gradu
1274 2813 1475 2881 depulsi
1512 2819 1668 2866 totam
1708 2831 1884 2866 aream
1920 2814 2039 2866 inde
2077 2831 2109 2866 a
2143 2830 2193 2867 v,
2227 2816 2433 2866 15—28
2462 2814 2774 2882 Hierosoly-

430 2921 626 2957 morum
664 2904 860 2957 excidio
899 2909 951 2955 et
986 2904 1142 2956 rebus
1179 2904 1406 2971 proxime
1444 2904 1660 2957 annexis
1695 2903 1991 2973 relinquere
2028 2906 2357 2970 cogebantur.
2410 2903 2473 2973 γ)
2500 2905 2619 2956 Jam
2645 2921 2768 2959 vero

432 2995 653 3061 grandia
675 2994 766 3046 illa
789 2995 948 3046 verba
975 2993 1092 3045 inde
1118 3011 1150 3045 a
1173 3009 1221 3046 v,
1247 2994 1313 3046 29
1341 2994 1613 3062 sequentia
1635 2995 1803 3047 vallos
1827 2998 2003 3046 firmos
2030 3001 2081 3047 et
2098 2995 2387 3063 neutiquam
2406 2994 2772 3047 transiliendos

437 3084 659 3147 objicere
697 3081 1031 3148 videbantur,
1080 3099 1145 3134 ne
1180 3082 1359 3135 ultima
1394 3100 1588 3152 quoque
1624 3083 1787 3136 sectio
1828 3086 1901 3150 (v.
1946 3083 2208 3149 29-36)
2242 3084 2387 3136 urbis
2423 3084 2617 3135 excidio
2646 3087 2773 3135 con-

434 3175 704 3226 cederetur
758 3176 811 3222 et
861 3176 947 3222 ne'
982 3172 1136 3235 hujus
1190 3171 1370 3225 ruinae
1428 3172 1621 3225 mentio
1681 3173 1928 3226 excidium
1993 3173 2134 3227 orbis
2201 3173 2350 3241 quasi
2414 3172 2775 3225 exterminaret

439 3267 492 3314 et
535 3262 855 3313 absorberet.
915 3261 1020 3314 Sed
1064 3262 1406 3314 recentiorum
1451 3262 1808 3329 theologorum
1863 3278 1985 3315 rara
2025 3262 2238 3315 scilicet
2288 3262 2535 3314 fortitudo
2583 3267 2636 3313 et
2681 3279 2771 3314 ars

437 3351 706 3417 exegetica
752 3351 885 3404 hanc
935 3367 1127 3420 quoque
1175 3368 1350 3418 sepem
1387 3352 1541 3404 facile
1578 3358 1630 3404 et
1666 3357 1878 3404 extenso
1915 3353 2064 3421 quasi
2102 3352 2262 3418 digito
2297 3353 2535 3405 minando
2572 3351 2775 3404 devicit.

437 3442 612 3509 quue
640 3442 748 3504 jam
788 3441 1055 3492 deventum
1094 3456 1219 3493 esse
1256 3442 1477 3510 videtur,
1513 3446 1571 3493 ut
1606 3442 1891 3510 aequalium
1926 3442 2162 3509 permulti
2199 3444 2253 3495 in
2290 3443 2455 3510 capite
2490 3446 2668 3500 nostro
2699 3441 2775 3492 nil

437 3532 546 3584 nisi
581 3531 757 3598 gentis
787 3530 1029 3594 judaieae
1066 3532 1261 3584 cladem
1300 3536 1625 3600 stragemque
1676 3533 1892 3584 relatam
1937 3533 2206 3600 legentes,
2258 3551 2291 3585 a
2322 3534 2513 3597 judicii
2564 3531 2773 3583 extremi

441 3622 823 3689 exspectatione
861 3621 997 3674 hunc
1037 3624 1207 3674 orbem
1245 3622 1396 3691 quasi
1432 3624 1714 3674 redemtum
1753 3623 1956 3688 gestire
1985 3624 2270 3692 videantur,
2307 3629 2542 3694 tanquam
2580 3615 2775 3696 λύτρον

439 3712 728 3763 mortalium
757 3712 921 3775 jndici
959 3712 1129 3764 divino
1165 3713 1314 3781 plene
1353 3713 1716 3780 satisfaciens,
1747 3714 1929 3766 callide
1965 3715 2202 3782 populum
2237 3715 2546 3767 Judaeorum
2581 3728 2770 3782 propo·-

440 3805 641 3855 nentes.
715 3801 791 3852 De
828 3799 1009 3868 quibus
1046 3815 1098 3852 v.
1134 3805 1240 3852 not.
1279 3799 1328 3852 3.

582 3881 639 3955 3]
676 3890 970 3955 Diligenter
1004 3889 1119 3941 hos*
1140 3889 1462 3962 recentiores
1503 3889 1747 3943 collectos
1784 3890 1940 3943 habet
1965 3890 2307 3944 Schottius
2333 3893 2368 3944 l.
2400 3908 2443 3945 c.
2474 3909 2521 3958 p.
2550 3889 2765 3944 74-76.

444 3981 551 4030 not.
591 3979 676 4030 28.
716 3978 801 4030 29.
874 3978 1008 4029 Prae
1055 3977 1177 4029 aliis
1225 3978 1428 4031 nomino
1465 3979 1693 4046 Bahrdt,
1746 3979 2110 4047 Eckermann,
2164 3979 2378 4033 Hencke
2416 3984 2468 4031 et
2504 3981 2766 4048 (Heriem,

443 4082 589 4135 quem
645 4064 914 4118 Schottius
975 4065 1355 4133 praetermittit.
1444 4066 1724 4120 Enimvero
1777 4067 2050 4134 Lightfoot
2110 4068 2262 4135 (opp.
2315 4067 2397 4136 11,
2450 4069 2568 4121 367.
2620 4070 2761 4136 368).

442 4154 746 4221 Wetstein,
801 4154 941 4204 Flatt
986 4154 1051 4204 al.
1100 4160 1241 4206 certe
1288 4156 1454 4223 capite
1491 4156 1638 4209 XXV
1676 4156 1941 4208 Christum
1978 4157 2040 4207 de
2077 4162 2302 4208 extremo
2330 4156 2522 4219 jndicio
2559 4158 2762 4209 locutum

446 4246 753 4299 confitentur
803 4243 993 4311 (XXV,
1041 4244 1104 4296 31
1146 4246 1277 4314 sq.)3
1335 4246 1598 4299 Sdsskind
1648 4251 1814 4299 autem
1853 4251 1905 4298 et
1938 4246 2155 4299 Kuinoel
2184 4250 2292 4310 jam
2331 4262 2375 4299 c.
2414 4247 2603 4315 XXIV,
2652 4246 2760 4297 inde

446 4352 479 4388 a
515 4351 672 4389 versu
709 4334 778 4390 37
815 4338 903 4385 aut
937 4334 1087 4401 paulo
1123 4341 1258 4402 post.
