2934 4797
0 4236 13 4295 l

1305 256 1385 326 21

152 443 398 498 ‘notum
444 442 554 501 est.
613 436 873 500 Tantum
918 437 1083 499 ‘enim
1129 438 1327 511 abest,
1377 442 1446 498 ut
1488 436 1607 498 lioc
1654 422 1792 498 loco
1840 435 2084 515 spiritus
2129 436 2362 498 inimici
2407 455 2509 515 ag-

177 562 463 625 gressum
507 563 695 608 unum
740 551 967 608 tantum
1014 553 1077 608 et
1119 544 1193 608 ad
1230 544 1361 608 dies
1407 545 1652 608 ultimos
1697 550 2069 607 reservatum
2098 545 2373 608 Christus
2418 546 2511 604 in·
2618 555 2622 562 ·

179 653 511 731 signiverit,
557 659 626 714 ut
665 669 844 715 versu
892 649 1003 732 23:
1061 649 1221 715 τότε
1267 649 1371 717 ἐάν
1414 677 1501 724 τις
1545 650 1678 731 ὑμῖν
1723 650 1871 733 ἇίπῃ,
1918 646 2049 714 ἰδοὺ
2096 642 2212 715 ὦδε
2260 649 2293 714 ὁ
2324 655 2511 732 Χρισ·

176 755 314 835 τὰς,
356 760 397 841 ἢ
438 750 580 836 ὦδε,
627 754 706 839 μή
740 755 1086 839 πιστεύσητε
1126 764 1189 820 et
1225 777 1276 822 v.
1322 753 1443 822 24:
1491 753 1912 840 ἐγερθήσονται
1944 752 2053 839 γὰρ
2092 752 2514 840 ψευδόχριστοι

178 892 230 930 κ.
279 891 328 930 τ.
378 871 453 943 λ.,
499 866 745 929 adducti
788 884 913 927 non
956 867 1263 946 possimus
1308 884 1433 927 non
1477 864 1981 927 Pseudochristos
2031 871 2094 926 et
2131 863 2512 945 Pseudopro-

173 973 397 1053 phetas
454 972 572 1034 hoc
627 973 764 1034 loco
820 979 1057 1036 notatos
1103 971 1245 1034 inde
1293 990 1326 1034 a
1379 980 1656 1052 tempore
1715 970 1931 1033 excidii
1976 969 2512 1051 Hierosolymitani

178 1077 622 1159 exspectandos
698 1085 924 1159 putare.
1045 1079 1260 1141 Fateor
1286 1123 1303 1152 ,
1388 1078 1667 1141 voculam
1742 1073 1878 1141 τότε
1957 1094 2078 1138 non
2153 1080 2510 1140 necessario

182 1186 563 1265 significare:
626 1186 899 1249 eodem
944 1193 1251 1267 tempore,
1310 1204 1428 1268 quo
1475 1187 1638 1267 prius
1688 1184 1846 1248 dicta
1893 1191 2263 1259 evenerunt3
2310 1191 2515 1266 potest

179 1294 462 1372 quidem,
541 1295 629 1357 uti
697 1302 970 1363 nostrum
1039 1294 1371 1367 ‚‚dann,“
1445 1293 1522 1356 ad
1588 1294 1925 1374 posteriora
1998 1299 2316 1374 spectare,
2394 1292 2506 1355 sed

181 1402 429 1464 nonnisi
464 1405 566 1475 ita,
614 1408 680 1465 ut
710 1421 846 1464 cum
874 1404 1176 1484 prioribus
1213 1404 1435 1474 intime,
1462 1400 1803 1481 conjungat.
1867 1402 2002 1463 Non
2038 1402 2245 1482 itaque
2285 1399 2509 1475 dubito,

183 1509 330 1588 quin
377 1507 653 1571 Christus
716 1511 897 1571 etiam
950 1509 1240 1572 haereses
1300 1509 1493 1570 multo
1540 1513 1679 1587 post
1723 1506 2280 1587 Hierosolymorum
2324 1507 2512 1571 finem

181 1616 455 1678 orientes
487 1621 699 1680 notare
728 1619 1047 1698 potueritz·
1073 1614 1186 1678 sed
1213 1615 1494 1696 primarie
1531 1620 1736 1676 tamen
1766 1614 1920 1676 tales
1948 1617 2215 1695 respexit
2252 1634 2509 1689 errores,

183 1723 288 1800 qui
333 1740 457 1784 non
501 1723 584 1785 ita
630 1724 819 1785 multo
862 1730 1003 1803 post
1044 1721 1462 1802 Hierosolyma
1510 1738 1721 1784 eversa
1766 1737 2085 1800 emergere
2141 1721 2504 1803 inciperent.
2603 1798 2606 1803 ‚

233 1826 239 1836 '
360 1827 562 1904 Quare
626 1847 966 1910 quanquam
1024 1828 1202 1909 facile
1250 1826 1569 1900 concedo,
1630 1828 1907 1890 voculam
1961 1823 2114 1895 τότε,
2160 1845 2349 1891 sensu
2393 1832 2510 1893 la·

178 1940 372 2001 tiori
433 1939 584 2001 sumi
645 1957 863 2019 posse,
922 1945 1127 2000 tamen
1197 1937 1462 2000 difficilis
1522 1944 1700 2016 atque
1763 1936 1912 1999 dura
1974 1937 2275 2011 manebit,
2340 1938 2394 1998 si
2451 1957 2508 2001 v.

182 2041 480 2109 24—26
541 2042 617 2106 ad
682 2062 761 2106 ea·
810 2043 1058 2117 trahas,
1123 2061 1279 2124 quae
1330 2043 1644 2106 ultimis
1709 2042 1925 2105 diebus
1991 2044 2301 2117 evenient,
2369 2062 2510 2106 cum

182 2150 743 2226 Hierosolymorum
810 2158 1013 2213 autem
1084 2148 1318 2212 excidio
1382 2166 1604 2210 nexum
1647 2154 1900 2222 ,certum
1967 2155 2031 2211 et
2087 2152 2509 2214 necessarium

130 2318 136 2324 .
183 2261 434 2321 omniuo
488 2259 723 2320 nullum
779 2256 1021 2321 habent.
1111 2257 1321 2337 ltaque
1366 2256 1818 2338 praetermissis
1862 2257 1996 2318 aliis
2041 2257 2374 2321 rationibus
2420 2260 2512 2319 in-

175 2368 598 2449 terpretationi
661 2364 1058 2430 Kistemakeri
1133 2366 1450 2429 contrariis
1522 2382 1847 2446 pergamus
1918 2364 1995 2427 ad
2064 2364 2506 2441 Ebrardum‚

183 2476 285 2557 qui
312 2475 657 2555 intelligens
684 2474 867 2538 verba
903 2493 994 2537 vv.
1034 2471 1294 2539 23-26
1342 2491 1466 2534 non
1512 2471 1938 2553 restringenda
1986 2491 2126 2536 esse
2175 2472 2252 2537 ad
2296 2476 2508 2537 ultima

187 2590 490 2663 tempora,
540 2589 768 2645 totum
814 2599 1026 2645 aevum
1073 2579 1326 2642 medie
1373 2582 1716 2660 positum
1763 2581 1919 2642 inter
1945 2567 2508 2661 Hierosolymorum

182 2691 418 2751 ruinam
482 2694 545 2750 et
602 2686 810 2750 mundi
857 2685 1044 2749 finem
1090 2704 1125 2748 a
1171 2686 1407 2747 Christo
1452 2686 1536 2746 ibi
1582 2686 1808 2765 respici
1853 2691 2043 2765 putat.
2136 2684 2506 2751 Seductores

187 2803 251 2859 et
274 2794 840 2877 pseudoprophetas
884 2800 1023 2875 post
1067 2792 1488 2871 Hierosolyma
1535 2790 1726 2853 diruta
1759 2793 2107 2868 exstituros,
2154 2811 2279 2854 non
2310 2796 2509 2856 semel

188 2905 304 2967 sed
342 2922 531 2984 saepe
569 2901 894 2975 redituros,
942 2901 1285 2981 multosque
1315 2901 1389 2961 ab
1417 2901 1495 2961 iis
1521 2900 1585 2959 in
1614 2898 1787 2961 devia
1827 2899 1945 2961 huc
1973 2906 2034 2963 et
2059 2900 2202 2962 illuc
2229 2902 2509 2965 abactum

68 3047 85 3062 ·
185 3014 275 3074 iri.
322 3012 531 3092 ltaque
560 3009 637 3072 de
665 3011 848 3090 longo
883 3010 1225 3071 seculorum
1253 3013 1392 3088 post
1407 3007 1708 3070 Christum
1726 3012 1936 3069 natum
1954 3014 2146 3070 tractu
2175 3010 2258 3071 nil
2279 3009 2508 3074 dictum

182 3121 355 3192 foret,
393 3122 514 3180 nisi
549 3136 819 3181 errorum
854 3123 916 3180 et
944 3117 1332 3180 seductorum
1367 3118 1605 3197 copiam
1632 3132 1909 3196 magnam
1944 3123 2045 3179 aut
2062 3120 2271 3198 quavis
2305 3126 2505 3182 aetate

185 3235 285 3291 aut
320 3229 524 3290 multis
566 3236 770 3291 tamen
817 3223 1121 3290 futuram·
1147 3225 1272 3288 Sed
1318 3225 1372 3286 si
1416 3243 1509 3291 vv,
1561 3221 1821 3290 23—26
1867 3243 1988 3287 non
2029 3224 2105 3287 de
2143 3228 2319 3289 unius
2347 3234 2504 3290 tem-

187 3338 353 3416 poris
397 3336 564 3398 facto
610 3335 792 3398 verba
839 3333 1259 3406 faciuntssed
1306 3332 1381 3394 de
1429 3334 1553 3405 tali,
1604 3330 1763 3411 quod
1808 3330 1973 3394 idem
2018 3335 2224 3398 multis
2269 3341 2502 3417 tempo-

185 3445 352 3506 ribus
396 3450 695 3517 recurrat,
744 3461 823 3503 ne
851 3448 997 3503 nutu
1038 3440 1280 3522 quidem
1312 3438 1515 3501 addito
1556 3438 1632 3500 de
1663 3440 1964 3502 crescenti
1990 3459 2185 3520 usque
2216 3440 2290 3504 ad
2321 3441 2503 3505 finem

187 3549 394 3612 mundi
449 3568 718 3611 errorum
770 3549 825 3612 vi
883 3554 1062 3629 atque
1117 3548 1377 3627 impetu,
1439 3546 1685 3617 nescio,
1749 3546 2051 3626 quomodo
2096 3548 2215 3609 hoc
2260 3552 2501 3631 signum

184 3658 492 3719 multoties
549 3657 793 3719 rediens
861 3656 1037 3719 nobis
1095 3656 1385 3738 praebeat
1447 3660 1727 3716 eventum
1788 3654 1960 3716 illum
2030 3663 2262 3718 certum
2319 3664 2502 3739 atque

189 3762 518 3837 definitum,
566 3782 686 3844 quo
712 3763 918 3844 utique
949 3762 1281 3825 clarissime
1307 3760 1639 3841 respiciunt
1665 3762 1843 3823 verba
1873 3759 2095 3826 Christi
2127 3762 2328 3846 (versu
2356 3765 2501 3849 29):

189 3872 414 3945 εὐθέως
449 3853 815 3953 δὲ’μετάιτὴν
837 3870 1049 3952 θλίψιν
1073 3875 1208 3934 τῶν
1240 3867 1517 3951 ἡμερῶν
1553 3867 1831 3932 ἐκείνων
1863 3893 1915 3931 κ.
1954 3889 2004 3931 τ.
2036 3872 2086 3932 λ.
2118 3866 2195 3949 (v.
2217 3887 2266 3933 S.
2283 3888 2342 3950 p.
2371 3870 2497 3955 19).

186 3979 482 4043 Ebrardus
522 3981 725 4059 itaque
766 3980 840 4041 ab
870 3979 983 4042 alia
1009 3984 1176 4058 parte
1205 3976 1575 4057 probabilior
1603 3993 1744 4037 esse
1787 3974 2025 4038 videtur
2058 3974 2494 4054 Kistemakero‚

189 4090 433 4150 mittens
496 4086 891 4165 opinionem,⁴
941 4085 1183 4146 nonnisi
1239 4081 1316 4145 de
1370 4082 1562 4145 ultimi
1606 4083 1898 4161 temporis
1944 4080 2494 4165 Pseudoprophetis

192 4194 301 4272 agi.
391 4189 515 4253 Sed
558 4190 736 4251 simul
786 4189 902 4252 hoc
945 4187 1291 4252 concedens
1335 4187 1656 4249 commodo
1698 4188 1861 4250 omni
1903 4205 1974 4248 se
2020 4190 2284 4266 privavit,
2334 4192 2492 4272 quod
2543 4194 2551 4206 ¹

192 4301 541 4382 quaerebat,
590 4306 653 4361 et
694 4297 875 4362 verba
919 4299 1150 4371 εὐθέως
1192 4293 1341 4377 μετὰ
1385 4291 1486 4377 τὴν
1526 4297 1738 4378 θλίψιν
1781 4301 1883 4359 ταῖ
1896 4318 1928 4360 ν
1969 4292 2223 4381 ἡμερώ
2235 4323 2267 4363 ν
2308 4299 2489 4365 ἑκεί-
