2934 4797
1595 258 1685 329 68

476 446 615 524 post
659 445 1007 520 superatum
1077 437 1528 502 Ethnicismurri
1593 437 1693 502 lux
1753 440 2076 504 christiana
2141 439 2205 501 in
2277 437 2424 504 orbe
2487 436 2825 516 refulgeat,

477 557 538 613 et
574 548 700 628 jam
738 546 1033 626 judicium
1075 546 1225 609 illud
1276 548 1585 621 mitescat,
1647 548 1828 612 vitam
1870 549 2092 630 quippe
2134 553 2554 611 non-mortem
2591 561 2826 626 exspe-

474 665 692 720 ctatam
737 657 1021 720 afferenS.
1088 654 1262 731 Quae
1312 655 1530 737 duplex
1571 655 1783 736 judicii
1827 664 2034 720 natura
2079 657 2391 740 prophetis
2436 671 2585 718 sane
2620 655 2697 718 V.
2736 651 2817 717 Τ.

473 765 792 829 notissima
835 765 1043 826 inesse
1092 763 1241 824 mihi
1285 762 1524 826 videtur
1569 766 1753 826 etiam
1796 760 2092 828 Matthaei
2138 762 2336 857 verbis
2384 761 2471 845 (v.
2520 760 2659 843 30.)
2714 761 2824 825 καὶ
2901 754 2904 771 '

471 869 609 937 τότε
655 869 943 955 κόψονται
985 878 1174 935 πᾶσαι
1221 871 1287 935 αἱ
1330 871 1511 953 φυλαὶ
1555 879 1657 952 τῆς
1700 879 1818 954 γῆς.
1890 871 2145 935 Pectora
2175 872 2344 934 enim
2381 869 2645 934 caedunt
2677 887 2822 932 non

470 982 670 1045 solum
716 982 997 1060 lugentes
1044 984 1108 1041 et
1153 981 1256 1060 qui
1303 978 1650 1057 affliguntur
1686 978 1918 1058 judicio
1967 979 2190 1055 divino,
2238 979 2350 1043 sed
2381 978 2560 1042 etiam
2589 978 2820 1058 poeni-

467 1096 669 1153 tentes
716 1088 886 1168 (Luc.
932 1086 1152 1159 XVIII,
1214 1084 1343 1168 13.)
1400 1093 1462 1149 et
1520 1086 1832 1168 suffragari
1878 1089 2026 1150 mibi
2071 1106 2211 1151 reor
2255 1084 2634 1164 Sacharjam,
2699 1083 2816 1165 qui

469 1215 523 1259 c.
561 1197 697 1269 XII,
760 1195 867 1260 10:
905 1195 1299 1258 vaticinatur:
1365 1200 1472 1266 „et
1527 1211 1712 1274 super
1757 1193 2000 1258 Davidis
2047 1194 2295 1257 domum
2343 1200 2405 1256 et
2448 1191 2812 1272 Hierosoly-

469 1322 704 1367 morum
737 1305 900 1365 cives
935 1300 1241 1364 effundam
1271 1301 1493 1380 gratiae
1524 1302 1796 1381 spiritum
1823 1309 1885 1364 et
1911 1320 2182 1383 precum,
2214 1309 2277 1365 et
2303 1301 2642 1382 suspicient
2675 1318 2806 1372 me,

466 1430 648 1493 quem
676 1416 1073 1491 pupugerunt,
1123 1412 1425 1490 quemque
1454 1409 1748 1489 plangent
1775 1409 2024 1490 planctu
2060 1411 2187 1483 tali,
2237 1410 2428 1488 qualis
2456 1407 2526 1470 fit
2555 1406 2634 1470 de
2669 1405 2806 1469 filio

462 1519 808 1599 unigenito:
877 1524 939 1580 et
982 1517 1277 1596 lugebunt
1318 1516 1482 1579 luctu
1527 1516 1673 1589 tali,
1740 1499 1940 1598 qualis.
1989 1524 2086 1580 est
2132 1516 2209 1580 de
2257 1517 2483 1581 infante
2529 1518 2800 1597 primo.“

463 1627 649 1706 Cujus
693 1627 969 1706 planctus
1014 1624 1274 1687 fructum
1320 1623 1545 1686 indicat
1575 1624 1756 1688 Sach.
1784 1623 1933 1697 XIII,
1972 1624 2026 1689 1.
2074 1626 2184 1690 Illo
2221 1632 2496 1706 tempore
2535 1624 2803 1688 liberum

458 1735 768 1797 habebunt
815 1741 877 1796 et
922 1739 1196 1812 apertum
1241 1730 1490 1804 fontem,
1540 1720 1796 1812 peccata
1844 1732 2215 1808 abluentem.

635 1841 777 1904 Post
821 1839 1227 1903 universalem
1270 1857 1416 1902 vero
1460 1838 1672 1900 mundi
1699 1841 2139 1920 poenitentiam
2175 1839 2343 1904 illam
2382 1847 2443 1904 et
2470 1837 2795 1919 judicium,

465 1951 713 2033 (quanto
757 1954 1032 2026 tempore
1078 1951 1243 2026 post,
1300 1962 1424 2007 non
1473 1944 1733 2028 dicitur,)
1783 1965 1818 2008 e
1866 1948 2122 2011 coelesti
2167 1933 2325 2011 solio
2372 1946 2649 2010 Christus
2694 1964 2794 2008 re·

458 2057 608 2120 dibit
651 2053 960 2134 majestate
1009 2070 1131 2114 non
1162 2052 1422 2133 amplius
1469 2054 1706 2115 occulta
1734 2052 1847 2116 sed
1873 2054 2111 2127 visibili,
2156 2072 2280 2117 non
2308 2054 2508 2129 solum
2534 2055 2791 2126 amoris,

455 2164 568 2227 sed
612 2165 918 2244 potentiae
965 2178 1205 2244 quoque
1255 2168 1317 2223 et
1354 2159 1625 2239 justitiae
1671 2159 1970 2245 plena.²⁹)
2052 2161 2279 2226 Eadem
2318 2170 2525 2228 natura
2564 2160 2793 2242 duplex

452 2274 659 2334 inesse
704 2268 942 2335 videtur
986 2268 1188 2330 verbis
1233 2265 1380 2330 Luc.
1427 2286 1485 2330 v.
1532 2263 1654 2333 24:
1704 2266 2148 2350 (Hierosolyma
2193 2270 2713 2333 conculcabuntur
2749 2289 2790 2332 a

454 2375 761 2459 gentibus)
837 2376 973 2461 ἄχρι
1028 2379 1396 2459 πληρωθῶσι
1449 2375 1643 2458 καιροὶ
1696 2373 1904 2440 ἐθνῶν.
2009 2374 2248 2440 Etenim
2305 2378 2456 2459 ipsis
2516 2395 2787 2462 quoque,

450 2484 827 2549 non‘solum
881 2481 1127 2544 Iudaeis
1187 2480 1267 2566 (v.
1315 2480 1448 2564 22.)
1506 2481 1843 2544 imminebit
1889 2479 2207 2559 judicium,
2264 2484 2377 2547 sed
2421 2485 2570 2558 tale,
2620 2485 2787 2566 quod

449 2612 575 2656 non
621 2593 819 2655 solum
867 2588 1172 2658 destruat,
1239 2587 1350 2649 sed
1407 2603 1522 2667 per
1575 2587 2054 2655 destructionem
2113 2596 2327 2672 pergat
2369 2588 2449 2653 ad
2495 2591 2785 2658 aedifica-

445 2705 696 2766 tionem.
760 2676 932 2761 ‘Post
973 2695 1265 2759 Iudaismi
1307 2696 1614 2758 interitum
1660 2698 1942 2777 gentibus
1972 2715 2047 2760 ex
2080 2700 2326 2779 paganis
2354 2700 2627 2765 oriundis
2655 2720 2781 2766 non

447 2810 647 2872 solum
694 2806 1109 2872 conversionis
1156 2804 1570 2884 opportunitas
1618 2803 1758 2869 data
1797 2813 1912 2879 est,
1958 2804 2073 2869 sed
2120 2810 2299 2871 etiam
2343 2808 2407 2870 in
2449 2810 2636 2873 rebus
2683 2810 2779 2874 di-

441 2917 600 2981 vinis
628 2917 994 2996 principatus
1025 2910 1284 2994 quidam,
1316 2928 1652 2992 quanquam
1680 2911 1902 2974 finibus
1924 2914 2049 2975 suis
2069 2911 2419 2989 adstrictus}
2449 2915 2588 2980 finis
2611 2921 2779 2982 enim
2893 2989 2894 2992 Ἴ

441 3022 625 3102 hujus
665 3021 1143 3086 Christianorum
1191 3037 1225 3081 e
1262 3018 1541 3106 gentibus
1589 3013 1978 3083 oriundorum
2022 3013 2414 3102 principatus,
2459 3024 2705 3089 indicati
2742 3046 2779 3090 a

443 3131 606 3194 Luca
621 3129 893 3211 Apostoli
916 3127 1228 3209 gentilium
1252 3109 1573 3207 discipulo,
1613 3128 1879 3190 innuitur
1904 3125 2176 3192 verbis’'
2132 3155 2269 3215 αχρι
2292 3136 2688 3217 πληρωθῶσιν
2717 3136 2780 3200 οἱ

438 3240 632 3323 καιροὶ
676 3237 887 3304 ἐθνῶν
981 3235 1362 3311 Quibusnam
1408 3236 1729 3299 eventibus
1776 3235 1853 3300 οἱ
1897 3239 2174 3321 καιροι
2216 3247 2335 3304 των
2378 3238 2651 3306 ἐθνῶν.
2682 3241 2772 3308 24
2889 3299 2890 3304 ,

435 3348 652 3430 repleti
698 3349 817 3410 sint
864 3351 1174 3425 (numerus
1223 3345 1383 3405 enim
1437 3344 1690 3424 pluralis
1746 3346 2002 3425 spatium
2057 3345 2298 3427 longius
2354 3347 2640 3432 indicat),
2705 3349 2770 3412 id

437 3461 740 3537 exponunt
783 3470 993 3516 versus
1041 3455 1372 3532 sequentes
1419 3448 1528 3515 25.
1559 3446 1686 3523 26„
1731 3451 1787 3512 si
1830 3457 2103 3514 nostram
2150 3453 2615 3533 explicationem
2660 3454 2767 3518 ad-

433 3568 646 3630 mittis.
721 3560 901 3638 Quid,
953 3557 1113 3640 quod
1162 3560 1341 3621 etiam
1387 3575 1498 3621 vox
1543 3558 1643 3620 illa
1688 3558 1922 3634 εὐθέως
1944 3556 2160 3626 Mattb.
2203 3580 2261 3626 v.
2306 3560 2392 3630 29
2419 3560 2551 3642 jam
2585 3580 2765 3626 suum
2885 3585 2886 3600 ³

571 3790 663 3857 29)
690 3789 866 3843 Verba
880 3787 1065 3840 matth.
1088 3786 1156 3839 30
1173 3784 1377 3838 ultima:
1414 3782 1511 3837 καὶ
1545 3774 1799 3856 ὄψονται,
1831 3785 1937 3844 τόν
1967 3786 2093 3844 υἱὸν
2125 3788 2225 3844 τοῦ
2245 3784 2553 3864 ἀνθρώπου
2576 3813 2626 3851 κ.
2643 3815 2688 3851 τ.
2708 3801 2755 3854 λ.

428 3871 633 3949 pioprio
670 3877 908 3933 commati
945 3874 1267 3941 adsignanda
1303 3879 1466 3939 erant,
1505 3874 1644 3926 siout
1676 3876 1781 3929 Mc.
1819 3876 1904 3929 26.
1941 3877 2187 3931 Luo.27=
2224 3880 2301 3933 ita
2335 3887 2390 3934 ut
2425 3898 2621 3938 sensus
2656 3887 2755 3940 sit:

426 3968 795 4039 propagatione
830 3961 1106 4032 Evangelii
1155 3977 1251 4029 per
1297 3963 1469 4015 orbem
1513 3967 1768 4018 terrarum
1805 3963 2045 4019 absoluti.
2077 3970 2294 4036 perusia
2329 3972 2444 4025 erit.
2518 3975 2755 4029 Ceterum

426 4066 593 4113 utrum
629 4058 718 4111 illa
750 4057 910 4110 verba
945 4053 1159 4106 reditum
1184 4050 1382 4104 Christi
1418 4053 1484 4105 ad
1519 4068 1750 4123 regnum,
1779 4056 1910 4124 quod
1937 4064 2124 4111 vocant
2158 4060 2498 4115 millenarium
2514 4062 2753 4134 indicent,

424 4164 489 4200 au
527 4148 591 4199 ad
619 4145 901 4213 judicium,
948 4140 1173 4211 equidem
1208 4139 1362 4192 nolim
1398 4141 1695 4195 decernere.
1766 4139 1900 4196 Illud
1934 4160 2061 4199 vero
2097 4149 2221 4200 mibi
2254 4149 2404 4216 plane
2440 4157 2652 4222 certum,
2687 4157 2750 4209 de

421 4235 597 4289 mundi
632 4230 1067 4289 consummatione
1102 4226 1240 4297 loqui
1273 4227 1456 4283 matth
1496 4227 1908 4298 35.para11.‚0t
1939 4233 2124 4295 Matth.
2157 4236 2324 4307 HV,
2362 4236 2427 4291 31
2468 4240 2532 4295 (10
2555 4243 2751 4308 suam„

422 4332 664 4382 extremo.
