2934 4797
1578 238 1666 304 28

465 417 732 499 Utroque
780 424 981 481 autem
1026 436 1277 481 munere
1317 418 1500 480 “aliter
1541 417 1705 497 fungi
1754 437 1872 479 non
1916 423 2169 498 poterat,
2218 435 2398 499 quam
2432 416 2619 497 probe
2657 415 2800 477 dis-

465 527 799 606 tinguendo
822 526 1402 608 Hierosolymorum
1464 525 1702 588 excidio
1750 544 1784 587 a
1833 526 2028 588 reditu
2066 528 2178 588 suo
2223 524 2406 588 finali.
2501 522 2682 598 Quod
2735 527 2800 585 si

467 633 813 708 omittebat,
891 635 1248 699 contusione
1288 652 1515 703 rerum
1581 634 1761 713 longe
1828 632 2175 703 dissitarum
2238 633 2494 714 duplicis
2560 634 2798 694 erroris

466 748 638 804 autor
687 760 828 804 esse
875 741 1151 814 debebat,
1200 747 1337 804 ante
1382 739 1939 820 Hierosolymorum
1985 739 2459 804 devastationem
2501 756 2799 820 praepro-

464 867 645 930 perae
691 850 975 929 parusiae
1025 847 1523 928 exspectationis3
1587 854 1801 927 postea
1846 867 1987 910 vero
2036 865 2332 910 erroneae
2387 848 2800 928 quaestionis„

465 974 668 1018 nonne
714 958 915 1019 omnia
954 956 1078 1034 jam
1123 956 1395 1033 absoluta
1443 957 1589 1028 sint,
1639 974 1792 1036 quae
1841 956 2117 1018 Christus
2162 956 2521 1018 vaticinatus
2568 956 2675 1027 sit,
2729 959 2804 1014 et

468 1062 683 1127 exinde
738 1064 1024 1126 incuriae.
1097 1064 1302 1144 ltaque
1362 1065 1415 1124 si
1473 1063 1716 1127 volebat
1755 1063 2100 1126 Ecclesiam
2147 1081 2320 1126 suam
2358 1082 2599 1144 semper
2644 1060 2801 1123 fidei

464 1173 530 1232 in
574 1173 775 1252 ipsum
823 1174 884 1231 et
920 1168 1210 1232 desiderii
1255 1169 1547 1233 adventus
1596 1171 1688 1231 sui
1733 1170 1973 1250 plenam
2022 1189 2182 1244 esse,
2232 1170 2513 1233 distincte
2561 1170 2799 1232 docere

470 1276 762 1351 debehat,
809 1296 878 1339 se
923 1284 1104 1357 post
1146 1277 1566 1368 Hierosolyma
1621 1277 1809 1341 diruta
1860 1279 2363 1360 exspectandum,
2410 1297 2803 1360 nequaquam

468 1403 611 1473 vero
637 1383 939 1463 judicium
967 1383 1114 1446 illud
1141 1391 1427 1465 quantum
1456 1385 1606 1448 libet
1632 1385 1900 1452 terribile
1935 1388 2235 1471 perusiam
2273 1403 2445 1449 suam
2485 1387 2582 1466 (cf.
2612 1405 2668 1450 v.
2703 1384 2799 1462 3.)

472 1510 647 1567 esse,
696 1492 902 1555 dicere
947 1497 1204 1573 poterat.

1678 1670 1937 1681 -—--.—-.

1549 1817 1699 1905 111.

645 1932 866 2049 Missis
912 1982 1089 2063 igitur
1133 1985 1265 2046 istis
1312 1985 1550 2066 effugiis
1599 1985 1947 2066 expeditiori
1985 1992 2045 2050 et
2078 1984 2329 2054 firmiori
2367 1981 2555 2066 gradu
2589 1984 2798 2048 forsan

469 2091 646 2152 nobis
705 2109 961 2172 pergere
1022 2093 1228 2156 licebit
1285 2094 1378 2157 via
1434 2097 1621 2158 recta.
1731 2095 1916 2174 CuJus
1979 2095 2383 2158 directionem
2441 2100 2669 2157 certam
2730 2102 2801 2156 ut

469 2198 802 2260 habeamus
865 2206 926 2260 et
985 2208 1331 2275 constanter
1388 2208 1742 2276 teneamus,
1808 2214 1930 2264 non
1985 2203 2183 2265 solum
2240 2203 2423 2265 verba
2476 2199 2679 2263 media
2738 2208 2804 2263 et

471 2313 774 2386 postrema
822 2306 1027 2386 capitis
1072 2309 1263 2369 nostri
1310 2311 1384 2387 (v.
1440 2307 1520 2373 15
1569 2308 1747 2389 sqq.),
1796 2310 2319 2390 quod-hucusque
2365 2308 2499 2370 fieri
2547 2309 2799 2380 solebat,

476 2405 832 2478 excutienda
863 2424 1064 2490 erunt,
1103 2417 1213 2480 sed
1243 2419 1510 2498 singul
1530 2439 1561 2482 a
1580 2421 1639 2482 ri
1686 2439 1717 2481 c
1736 2424 1868 2483 ura
1898 2420 2083 2505 (quod
2111 2422 2467 2503 plerumque
2497 2423 2799 2482 omissum

473 2521 681 2604 video)
718 2533 907 2604 'pars
956 2542 1261 2606 quoque
1309 2527 1525 2606 prior
1571 2527 1650 2610 (v.
1700 2526 1941 2611 3--14)
1997 2530 2561 2610 perlustranda
2618 2529 2796 2592 erit.

471 2702 799 2768 Responsum
846 2701 1074 2755 tulerunt
1107 2701 1310 2753 minime
1347 2716 1408 2752 ex
1444 2701 1599 2752 animi
1638 2699 1912 2755 sententia.
1992 2703 2119 2756 Nam
2158 2720 2304 2773 quum
2340 2704 2591 2772 triumpho
2638 2704 2804 2757 veluti

458 2793 571 2855 jam
610 2787 794 2842 militia
827 2790 1082 2857 perfuncti
1120 2789 1397 2856 inhiarent,
1435 2789 1679 2842 Christus
1719 2806 1810 2841 eos
1849 2793 1912 2842 ad
1947 2789 2149 2858 longam
2179 2792 2499 2844 tolerantiam
2531 2793 2799 2846 hortatur:

471 2896 531 2933 ac
569 2879 618 2931 si
657 2880 910 2946 dixisset,
962 2880 1071 2932 Vos
1110 2881 1173 2931 ab
1209 2879 1344 2947 ipsis
1380 2880 1679 2933 carceribus
1716 2881 1933 2947 palmam
1971 2882 2201 2949 arripere
2235 2882 2426 2935 vultis:
2481 2883 2617 2951 atqui
2650 2882 2799 2949 prius

473 2967 694 3021 stadium
716 2972 964 3021 conficere
1000 2985 1224 3022 necesse
1264 2974 1392 3022 erat.
1429 3000 1495 3009 -
1537 2970 1747 3022 Summa
1780 2970 1910 3036 haec
1948 2975 2060 3023 est:
2100 2972 2354 3037 evang-elii
2372 2973 2801 3040 praedicationem

472 3075 597 3111 esse
645 3060 869 3111 sationis
916 3060 1115 3126 instar3
1165 3059 1293 3112 ideo
1326 3060 1585 3126 patienter
1630 3062 2027 3128 exspectandum
2064 3076 2188 3114 esse
2223 3067 2422 3130 tempus
2461 3062 2654 3114 messis
2669 3099 2686 3130 ‚
2735 3078 2799 3113 ac

471 3163 740 3216 perperam
769 3146 949 3199 molles
990 3163 1114 3199 esse
1142 3152 1196 3211 et
1226 3148 1568 3216 effeminatos,
1606 3147 1688 3217 qui
1726 3152 1933 3215 propter
1970 3143 2155 3202 hiemis
2194 3149 2327 3218 gelu,
2365 3148 2532 3214 nives,
2568 3149 2796 3215 nebulae,

471 3236 554 3288 vel
592 3237 847 3287 adversas
885 3239 1219 3302 tempestates
1260 3217 1446 3287 animis
1484 3237 1811 3303 franguntur.
1866 3235 1937 3290 Bt
1968 3252 2016 3305 p:
2058 3238 2163 3290 268
2200 3240 2264 3289 ad
2299 3254 2351 3290 v.
2394 3239 2488 3289 14:
2535 3237 2624 3291 sio
2668 3253 2795 3303 ergo

472 3325 670 3377 resolvi
713 3326 862 3376 «lebet
895 3325 993 3377 hoe
1028 3330 1339 3393 postremum
1376 3326 1648 3378 membrum
1686 3320 1846 3391 (τότε
1880 3318 1999 3394 ἥξει
2033 3323 2093 3379 τό
2131 3327 2351 3393 τέλος).
2402 3344 2501 3380 non
2540 3331 2657 3378 aute
2693 3328 2795 3378 ad-

471 3412 648 3464 veniet
692 3413 814 3464 fluis
866 3413 1060 3481 seculi,
1114 3430 1261 3481 quam
1299 3413 1444 3465 duris
1485 3418 1537 3465 et
1570 3411 1854 3466 laboriosis
1902 3415 2270 3467 tentationibus
2317 3415 2590 3468 ecclesiam
2633 3432 2796 3468 meam

474 3502 561 3553 diu
598 3500 937 3553 exercuerim:
973 3516 1089 3552 nam
1124 3502 1294 3553 falsae
1330 3501 1705 3568 imaginationi,
1741 3517 1888 3571 quam
1925 3503 2055 3570 apud
2093 3518 2155 3554 se
2189 3509 2528 3571 conceperant
2544 3504 2794 3572 Apostoli,

474 3588 764 3656 opponitur.
817 3587 961 3639 Unde
998 3590 1521 3641 rursus‘diseendum
1559 3594 1660 3655 est,
1696 3603 1797 3641 non
1832 3590 2047 3657 praefigi
2086 3596 2279 3642 certum
2318 3591 2467 3644 diem.
2503 3620 2574 3630 -
2607 3593 2794 3645 Verum

473 3693 578 3730 non
628 3677 765 3729 aliud
812 3676 913 3726 fuit
958 3678 1072 3738 ejus
1111 3677 1407 3744 consilium,
1462 3693 1608 3745 quam
1644 3677 1916 3744 Apostolis
1967 3678 2171 3730 nimium
2208 3679 2387 3746 cupide
2423 3680 2490 3731 ad
2524 3680 2794 3733 coelestem

476 3766 694 3832 gloriam
729 3763 1168 3816 'transvolantibus
1208 3766 1406 3818 frenum
1454 3766 1760 3820 tolerantiae
1808 3767 2052 3834 injicere3
2109 3782 2169 3819 ac
2206 3766 2253 3818 si
2290 3767 2541 3837 dixisset,
2590 3785 2689 3822 non
2726 3770 2795 3822 ita

477 3855 611 3918 cito,
661 3860 719 3907 ut
754 3853 857 3906 sibi
892 3856 1177 3920 finxerant,
1226 3854 1426 3907 instare
1463 3856 1894 3924 redemptionem,
1927 3856 2046 3908 ·sed
2081 3855 2417 3923 interpositos
2455 3873 2579 3909 esse
2611 3859 2792 3925 longos

474 3943 804 3999 anfractus.“
855 3971 926 3985 --·
963 3944 1374 4012 Chrysostomus
1412 3961 1606 4015 quoque
1641 3947 1807 4015 vidit,
1852 3961 2062 4016 quonam
2103 3962 2280 3999 errore
2316 3947 2555 4014 discipuli
2589 3949 2793 4001 labora-

479 4034 664 4088 verint.
736 4035 881 4089 :Dicit
908 4036 1049 4090 ,enim
1086 4035 1224 4101 (Cat.
1263 4035 1376 4089 Nic.
1415 4038 1480 4087 ad
1518 4053 1569 4089 v.
1605 4037 1661 4102 6)
1697 4029 1871 4107 ᾤοντο
1910 4035 1975 4091 δὲ
2012 4036 2063 4090 οἱ
2097 4037 2342 4110 μαθηταὶ
2376 4030 2496 4110 ἅμα
2530 4039 2595 4111 τῇ
2630 4056 2792 4092 κατα-

482 4124 673 4196 σκαφῇ
700 4123 792 4176 καὶ
811 4122 912 4193 τὴν
948 4126 1262 4179 συντέλειαν
1296 4109 1686 4179 ἔσεσθαιζΚαὶ
1719 4121 1920 4194 ταύτην
1955 4120 2353 4202 διορθούμενος
2388 4122 2571 4183 αὐτῶν
2603 4125 2701 4196 τὴν
2734 4148 2793 4181 ι-

481 4207 722 4278 ᾳτόνοιαν
754 4210 955 4282 ἔλεγεν·
985 4208 1117 4266 ,Ἀλλ’
1160 4202 1318 4267 οῧίτω
1353 4210 1415 4267 τό
1453 4215 1619 4274 τέλος.
1665 4215 1733 4268 of.
1771 4217 1952 4268 Homil.
1991 4217 2043 4268 in
2081 4217 2262 4269 Matth.
2312 4217 2377 4267 75
2414 4216 2505 4282 (al.
2554 4217 2644 4283 76)
2679 4218 2710 4271 Ι.
2748 4234 2790 4271 e.

483 4321 532 4376 p.
567 4304 689 4360 815.
723 4305 783 4359 B.
818 4304 939 4357 817.
976 4303 1035 4356 B.
1895 4298 1907 4312 “
