2934 4797
1265 265 1350 332 89

151 444 332 502 ennis
377 441 679 505 beneficio
716 440 776 502 id
826 450 1275 524 consequuntur
1319 442 1659 517 Christiani,
1706 450 1770 504 ut
1806 441 1908 504 fiat
1932 443 2121 522 magis
2149 442 2457 521 magisque

148 564 465 624 praesens·
496 549 631 624 ipse
678 553 740 609 et
780 548 1051 627 βασιλεία
1096 549 1305 627 ipsius.

332 652 530 729 Quare
578 655 663 716 nil
710 673 860 716 sane
908 658 1125 728 obstat,
1173 657 1313 735 quin
1360 658 1563 718 versui
1609 652 1694 721 34
1750 654 1912 732 apud
1955 651 2165 716 Matth.
2213 670 2463 713 sensum

149 777 296 820 eum
326 745 719 833 vindicemus,
765 763 866 840 qui
906 762 978 821 ab
1027 742 1300 823 idearum
1349 762 1566 824 Christi
1617 760 2195 838 eschatologicarum
2227 765 2288 819 et
2319 757 2464 818 alibi

128 864 238 946 ⁴(p.
259 861 545 945 32-44)
576 873 636 925 et
665 867 859 943 capite
880 873 1084 927 nostro
1113 865 1456 928 traditarum
1477 882 1632 927 nexu
1651 854 1886 925 interno
1905 863 2169 942 penitius
2189 865 2465 942 inspecto

148 969 455 1050 flagitatur
482 969 558 1051 (v.
582 991 635 1035 s.
657 990 716 1050 p.
740 970 955 1036 69-7
960 970 1044 1053 5),
1077 976 1177 1051 qui
1198 990 1229 1033 a
1249 973 1574 1052 philologia
1595 970 2047 1033 commendatur
2076 968 2157 1050 (p.
2182 967 2264 1033 76
2286 968 2464 1049 sqq.)‚

152 1095 268 1138 seu
298 1076 474 1151 malis
503 1077 695 1148 „haec
724 1086 938 1157 gens,“
986 1096 1096 1139 seu
1143 1079 1300 1151 „hoc
1330 1078 1639 1139 hominum
1668 1095 1881 1156 genus,
1922 1084 1984 1138 et
2009 1094 2246 1137 morum
2275 1076 2468 1155 pervi-

154 1186 331 1244 cacia
358 1191 420 1244 et
446 1182 1247 1266 infidelitatis'insigne.“⁴⁵)
1300 1186 1384 1248 Ita
1417 1185 1660 1246 demum
1692 1183 2071 1246 difficultates
2101 1183 2241 1244 illae
2268 1201 2468 1262 paene

153 1288 453 1364 infinitae,
501 1308 657 1369 quae
703 1292 1043 1352 versionem
1105 1300 1349 1364 „aetas,
1412 1299 1702 1364 aevum,“
1759 1292 1943 1352 veluti
1992 1292 2211 1351 erroris
2258 1273 2466 1350 umbra

157 1414 281 1457 non
331 1405 581 1475 possunt
630 1416 748 1458 non
798 1399 1100 1471 comitari,
1164 1394 1470 1460 diluuntur
1516 1405 1578 1459 et
1622 1399 1824 1459 omnia
1864 1396 2030 1475 justo
2077 1395 2271 1458 ordini
2329 1394 2468 1456 red-

156 1502 398 1564 duntur.
487 1502 801 1565 Restitutis
848 1522 988 1564 vero
1028 1502 1159 1581 jam
1211 1503 1348 1565 loco
1404 1523 1516 1566 suo
1576 1505 1862 1566 orationis
1921 1503 2248 1573 memhris,
2314 1519 2466 1581 quae

159 1607 416 1686 disjecta
472 1608 826 1671 videbantur
884 1610 1301 1689 explanatione
1359 1613 1539 1690 prava
1599 1618 1658 1672 et
1721 1628 1755 1671 a
1811 1609 1960 1670 locis
2022 1608 2147 1669 suis
2192 1608 2468 1679 alienata,

158 1718 416 1794 emergit
460 1719 761 1778 sermonis
808 1716 1025 1778 Christi
1071 1735 1210 1780 vera
1257 1725 1319 1778 et
1362 1718 1543 1779 veluti
1588 1718 1779 1796 pulcri
1835 1716 2160 1796 organismi
2206 1716 2469 1794 species.

155 1822 396 1884 Etenim
434 1821 560 1901 jam
597 1822 819 1884 Christi
866 1826 1054 1886 oratio
1098 1843 1207 1904 per
1254 1824 1543 1886 articulos
1588 1825 1763 1903 plane
1811 1824 2164 1903 perspicuos
2210 1821 2291 1882 ita
2330 1839 2469 1899 pro·
2532 1840 2538 1853 ·

157 1928 333 2007 gredi
376 1929 646 2001 videtur,
690 1936 757 1990 ut
801 1948 917 1990 nec
962 1930 1238 1992 ordinem
1276 1928 1543 2007 justum,
1602 1949 1719 1991 nec
1764 1937 2042 1992 tenorem
2088 1934 2318 1989 certum
2366 1926 2470 1987 de-

159 2034 415 2096 sideres.
460 2035 959 2115 'Eschatologiae
1020 2036 1386 2098 lineamenta
1443 2035 1615 2097 firma
1676 2034 1946 2097 Christus
2007 2036 2204 2113 capite
2262 2039 2472 2093 nostro

158 2143 472 2219 proposuit
519 2140 865 2219 dogmatica,
911 2149 974 2204 ut
1020 2144 1100 2203 ita
1146 2141 1369 2214 dicam,
1416 2143 1718 2221 primum
1763 2159 1820 2204 v.
1865 2137 2120 2212 4-14,
2169 2137 2468 2200 deinde
2507 2166 2521 2193 x

159 2246 510 2326 prophetica
556 2261 668 2307 seu
713 2247 995 2309 historiae
1044 2248 1369 2309 decursum
1413 2249 1742 2311 revelantia
1801 2246 1878 2328 (r.
1929 2245 2008 2310 15
2057 2247 2237 2325 sqq).
2331 2245 2471 2306 Pars

158 2357 471 2428 historica,
533 2374 689 2436 quae
748 2358 868 2420 tota
928 2358 1156 2439 regitur
1199 2360 1512 2439 principiis
1557 2366 1721 2439 parte
1769 2358 1969 2439 priori·
1994 2354 2314 2437 propositis
2360 2353 2473 2414 tria

158 2466 438 2526 historiae
490 2465 949 2527 ecclesiasticae
996 2466 1189 2528 stadia
1239 2466 1680 2546 complectitur.
1752 2468 1950 2528 Docet
1986 2468 2150 2527 enim
2178 2467 2250 2538 a)
2280 2464 2473 2542 primo

159 2581 432 2652 tempore
467 2574 833 2635 Christianos
882 2591 954 2635 ex
998 2573 1248 2635 Judaeis
1296 2573 1585 2635 oriundos
1630 2574 2064 2656 praevalituros
2112 2576 2198 2644 (v,
2228 2570 2367 2645 20.)
2415 2574 2476 2629 et

162 2683 225 2740 in
271 2678 636 2741 Judaeorum
698 2683 1120 2742 communione
1181 2697 1499 2741 mansuros
1562 2686 1647 2756 (v.
1702 2678 1870 2755 16.)‚
1938 2679 2137 2740 donec
2197 2675 2474 2738 Ecclesia

163 2785 483 2847 christiana
528 2785 602 2846 ad
647 2786 933 2846 Ethnicos
981 2787 1055 2847 sit
1099 2786 1413 2864 migratura
1463 2805 1602 2847 cum
1647 2786 2200 2865 Hierosolymorum
2237 2781 2472 2845 excidio

165 2897 229 2952 et
262 2890 606 2952 judaismi
652 2909 914 2953 occasu
962 2899 1277 2953 externo.
1342 2887 1409 2966 b)
1453 2891 1587 2953 Jam
1624 2892 1800 2954 adest
1835 2889 2170 2953 secundum
2211 2888 2470 2951 stadium

169 2997 262 3072 (οἱ
304 2999 495 3079 καιροὶ
539 3004 655 3061 τῶν
699 2998 922 3074 ἐθνῶν)
985 3001 1299 3060 continens
1345 2997 1779 3059 Ethnicismi
1843 3014 2210 3067 occasum,
2276 3002 2337 3083 et
2391 2996 2472 3056 si-

167 3103 269 3182 gni
317 3103 623 3164 christiani
659 3110 720 3165 et
746 3104 1064 3165 Ecclesiae
1095 3123 1128 3165 e
1159 3105 1483 3183 gentilibus
1513 3103 1796 3165 oriundae
1827 3100 2136 3163 assiduum
2163 3102 2478 3162 invictum-

167 3228 284 3290 que
343 3201 803 3273 incrementum.
900 3211 1025 3272 Sed
1076 3212 1326 3273 «instabit
1370 3212 1721 3295 cytertium
1771 3208 2061 3282 stadium,
2124 3226 2242 3289 quo
2286 3206 2474 3268 Evan-

169 3316 391 3398 gelium
424 3333 674 3376 munere
707 3334 837 3387 suo,
861 3334 978 3395 quo
1009 3315 1173 3395 fungi
1204 3316 1388 3378 debet
1422 3316 1770 3388 universali,
1807 3317 1993 3377 etiam
2019 3317 2081 3375 in
2108 3313 2477 3375 ludaeorum

170 3429 348 3501 gente
406 3421 796 3501 perfungetur
856 3421 930 3483 ad
991 3423 1107 3483 hoc
1168 3440 1359 3502 usque
1418 3428 1659 3500 tempus
1721 3421 2044 3484 adservata.
2144 3419 2239 3481 Ad
2297 3436 2478 3498 quam

169 3546 475 3590 reversum
513 3528 744 3600 efficiet
787 3547 975 3589 unum
1021 3547 1268 3609 gregem
1315 3548 1452 3590 cum
1498 3548 1619 3590 uno
1665 3537 1928 3609 pastore.
2018 3528 2148 3589 Hoc
2201 3535 2475 3607 tempore

173 3651 361 3713 genus
416 3634 738 3695 humanum
801 3635 1131 3696 laetissimo
1192 3653 1377 3696 sensu
1441 3635 1556 3696 sibi
1626 3634 1922 3696 videbitur
1994 3652 2133 3695 vere
2200 3617 2475 3713 tanquam

173 3758 325 3802 unus
367 3740 578 3812 hom0,
628 3748 690 3802 et
730 3760 841 3821 per
882 3748 1045 3803 artus
1090 3740 1268 3819 hujus
1315 3743 1611 3814 hominis,
1662 3742 1757 3802 cui
1802 3741 1929 3820 jam
1976 3741 2172 3802 omnia
2212 3743 2479 3802 membra

174 3856 308 3910 sunt
352 3846 604 3919 reddita,
650 3867 840 3909 novus
887 3851 1061 3929 quasi
1089 3850 1252 3927 vigor
1293 3857 1353 3911 et
1388 3850 1700 3910 sublimior
1725 3851 1880 3910 vitae
1919 3866 2135 3910 sensus
2172 3847 2478 3927 pervadet.

176 3952 363 4029 Quam
410 3956 631 4017 laetum
674 3961 845 4032 putas
888 3955 1016 4017 fore
1063 3973 1263 4017 rerum
1310 3960 1549 4026 statum,
1597 3973 1779 4035 quum
1827 3952 2083 4030 discidio
2122 3956 2286 4015 omni
2334 3972 2477 4033 gen-

313 4197 404 4262 45)
440 4200 505 4250 of.
545 4198 969 4264 Chrysostomum
991 4234 1006 4264 ,
1058 4197 1367 4250 Graecitatis
1417 4181 1548 4249 sane
1590 4200 1718 4251 beno
1755 4213 1965 4262 gnarum
2003 4196 2125 4263 Opp.
2164 4197 2292 4259 vn,
2345 4198 2391 4246 2.
2431 4212 2476 4260 p.

179 4286 294 4338 836.
334 4292 407 4352 A3
445 4286 647 4339 Suioeri
684 4285 843 4337 Thes.
883 4284 999 4336 745.
1039 4286 1126 4335 IV.
