2934 4797
1609 255 1701 321 18

492 433 921 512 principatum,
961 439 1060 495 aut
1115 431 1425 512 legionum
1472 433 1871 496 Romanarum
1933 435 2161 516 aquilas
2222 441 2539 516 argenteas
2600 437 2832 501 occuli.

490 541 706 620 Neque
758 558 903 604 vero
949 542 1143 620 magis
1187 534 1491 620 parusiam
1549 540 1846 621 quandam
1886 560 2074 621 saepe
2118 543 2457 605 iterandam
2499 544 2598 605 hic
2641 543 2829 608 video

484 645 798 727 -traditam3
846 665 984 708 nam
1031 646 1082 707 si
1124 665 1182 710 v.
1227 645 1313 711 28
1360 665 1582 709 sensus
1626 647 1812 710 foret:
1869 647 2351 729 quandocunque
2407 668 2520 711 seu
2564 669 2685 712 una
2737 654 2831 713 ci-

489 756 673 827 vitas,
721 773 833 815 seu
861 754 1064 834 plures
1105 764 1164 816 et
1193 772 1386 834 genus
1415 755 1745 817 humanum
1776 754 2094 834 putredine
2118 754 2428 836 *spirituali
2462 761 2832 822 maturuerit

492 860 568 923 ad
611 860 985 923 inferendam
1021 879 1318 941 poenam,
1356 860 1655 939 judicium
1701 864 1888 924 irruet
1936 868 1996 925 et
2025 880 2145 943 ego
2167 859 2357 939 judex
2399 871 2642 943 praesto
2691 884 2828 939 ero,

488 969 606 1029 hoc
670 971 804 1030 sine
859 953 1048 1029 'dubio
1111 987 1326 1047 parum
1387 970 1708 1049 quadraret
1767 969 1844 1032 ad
1889 988 1943 1034 v.
1989 972 2262 1048 proxime
2322 958 2827 1037 antecedentem.

488 1078 699 1139 Subito
750 1077 910 1137 enim
955 1082 1093 1155 post
1136 1076 1435 1151 visibilem
1485 1095 1744 1158 eamque
1809 1078 2212 1140 universalem
2265 1081 2600 1159 perusiam,
2663 1100 2830 1162 quae

489 1204 612 1247 non
658 1191 859 1264 potest
906 1202 1030 1244 non
1079 1202 1220 1246 esse
1267 1202 1386 1246 una
1431 1191 1493 1246 et
1556 1185 1793 1257 ultima,
1858 1184 2339 1248 descenderetur
2402 1187 2478 1250 ad
2541 1193 2830 1268 pai-usias

486 1293 743 1362 multas,
789 1290 1149 1364 invisibiles,
1196 1291 1631 1370 particulares,
1677 1293 1719 1355 i.
1751 1311 1806 1361 e.
1855 1292 1931 1355 ad
1977 1310 2326 1355 sermonem
2373 1297 2444 1357 ab
2492 1314 2611 1358 una
2646 1305 2830 1376 parte

482 1401 686 1463 versui
746 1398 829 1463 27
885 1400 964 1460 ita
1028 1400 1396 1478 oppositum,
1461 1405 1528 1461 ut
1569 1406 1709 1479 post
1757 1399 1909 1463 ὅπου
1967 1401 2258 1480 particula
2304 1402 2369 1466 δὲ
2432 1403 2525 1465 vix
2591 1403 2830 1467 deesse

478 1511 713 1587 posset.
777 1504 1009 1568 Idcirco
1035 1524 1095 1570 v.
1126 1505 1212 1571 28
1249 1525 1372 1568 non
1422 1506 1499 1569 ad
1543 1513 1839 1585 tempus
1887 1502 1978 1589 (τὸ
2007 1504 2177 1586 πότε)
2219 1509 2612 1572 referendum
2639 1519 2823 1591 puto,

400 1658 410 1675 .
475 1632 599 1676 nec
648 1611 884 1674 doctam
932 1613 1033 1674 hic
1067 1612 1245 1676 video
1290 1614 1600 1692 parusiam
1639 1614 1858 1675 Christi
1902 1632 2014 1694 per
2060 1633 2277 1683 omnes
2323 1615 2533 1679 mundi
2580 1626 2828 1681 aetates

448 1713 765 1792 immam,
833 1739 1174 1802 quanquam
1214 1721 1648 1785 ’lubentissime
1703 1721 1899 1784 fateor
1941 1725 2161 1802 poetae
2210 1723 2361 1785 illud
2403 1710 2826 1789 tritissimum:

482 1828 625 1900 „die
673 1827 1188 1906 Weltgescbichte
1234 1826 1316 1888 ist
1362 1826 1470 1888 das
1515 1827 1949 1905 Weltgerieht“
1995 1846 2168 1890 suam
2214 1829 2442 1892 habere
2492 1834 2826 1895 veritatem

485 1935 845 1997 Christianis
892 1953 1134 2015 quoque
1182 1936 1331 1996 satis
1378 1941 1623 2006 notam,
1694 1935 1915 2015 quippe
1976 1938 2078 2016 qui
2125 1935 2551 2002 Providentiae
2599 1949 2823 2004 nostra

486 2042 755 2103 curantis
808 2048 881 2116 *et
929 2040 1142 2120 judicii
1196 2020 1306 2121 per
1360 2040 1647 2105 historiae
1702 2040 1992 2120 periodos
2055 2041 2433 2106 decurrentis
2503 2045 2823 2108 Christum

479 2147 695 2210 vade-m
741 2148 1004 2210 habeant
1033 2147 1298 2210 divinum
1344 2154 1523 2227 atque
1572 2146 1876 2212 arbitrum.
1930 2146 2057 2210 Sed
2101 2147 2176 2210 ad
2213 2150 2465 2211 locum
2511 2149 2605 2233 (τὸ
2658 2153 2818 2236 ποῦ)

479 2273 720 2316 versum
758 2254 844 2321 28
889 2256 1103 2318 referri
1149 2254 1375 2316 debere
1422 2260 1615 2334 patet,
1655 2258 1708 2316 si
1743 2255 2076 2318 contuleris
2114 2258 2356 2319 voculas
2397 2256 2549 2322 ὅπου
2592 2265 2655 2320 et
2693 2260 2827 2326 ἐκεῖ

481 2380 535 2425 v.
564 2361 650 2428 28
678 2381 815 2424 cum
841 2381 898 2426 v.
929 2360 1034 2429 26.
1064 2362 1147 2428 27
1168 2406 1186 2433 ‚
1232 2362 1338 2425 ubi
1370 2360 1447 2425 de
1475 2362 1550 2423 lo
1569 2379 1649 2423 co
1688 2362 2071 2441 apparitionis
2102 2363 2321 2428 Christi
2361 2362 2560 2427 finalis
2587 2367 2820 2445 agitur.

479 2467 655 2530 Idem
680 2468 1053 2532 demonstrat
1077 2469 1407 2549 parallelus
1428 2468 1589 2548 apud
1605 2466 1835 2536 Lucam
1861 2470 2042 2532 locus
2066 2488 2120 2532 c.
2150 2469 2331 2543 XVII,
2355 2470 2471 2535 37:
2510 2483 2822 2552 quaerunt

483 2577 645 2636 enim
692 2574 1005 2656 discipuli:
1051 2583 1168 2639 ποῦ’
1214 2573 1409 2658 κὺριες
1450 2573 1787 2653 respondet
1831 2575 2153 2637 Dominus:
2201 2575 2353 2661 ὅπου
2396 2574 2466 2641 τὰ
2517 2585 2696 2657 σῶμα
2728 2607 2816 2637 =

479 2687 695 2760 πτῶμα
743 2687 861 2745 etc.
949 2681 1036 2743 lta
1083 2700 1334 2745 sensum
1379 2681 1634 2743 habebis
1679 2681 1840 2743 hunc
1887 2701 1941 2744 v.
1983 2680 2096 2746 27:
2154 2700 2283 2744 non.
2339 2685 2443 2744 uni
2503 2685 2638 2747 loco
2699 2688 2819 2749 ad-

491 2788 693 2849 stricta
730 2790 847 2850 erit
885 2790 1175 2868 apparitio
1213 2806 1351 2850 mea
1385 2787 1602 2860 finalis,
1649 2788 2260 2869 quandocunque
2308 2790 2436 2850 illa
2483 2795 2816 2868 eveniat,

490 2892 592 2976 (de
641 2912 761 2974 quo
805 2895 893 2955 nil
937 2895 1056 2956 hic
1104 2892 1340 2976 dicitur)
1387 2911 1511 2955 non
1556 2896 1619 2955 in
1665 2895 1905 2955 civitate
1956 2901 2017 2956 et
2074 2895 2226 2955 urbe
2261 2893 2373 2955 hac
2425 2896 2523 2957 vel
2569 2897 2672 2957 illa
2724 2899 2814 2981 (e.

487 2993 545 3081 g'.
593 2999 1062 3080 HierosolymiS,
1110 3000 1418 3086 Pepuzae)
1463 2999 1791 3081 apparebo:
1864 2999 1976 3061 sed
2031 3017 2345 3081 quousque
2404 3010 2648 3064 extensa
2713 3011 2818 3067 est

487 3106 699 3168 mundi
743 3106 1027 3186 putredo,
1096 3125 1169 3168 eo
1226 3124 1419 3185 usque
1463 3105 1648 3168 vadet
1693 3114 1756 3168 et
1817 3106 2161 3187 penetrabit
2207 3124 2318 3167 suo
2365 3113 2642 3188 tempore
2702 3132 2814 3193 pa.

483 3216 650 3280 rusia
681 3232 819 3276 mea
839 3212 1142 3291 judicium
1167 3220 1502 3275 extremum
1528 3213 1789 3286 illatura3
1835 3230 1978 3292 ergo
2019 3215 2198 3274 sicuti
2235 3216 2813 3294 omnipraesentiam

482 3321 780 3402 quandam
816 3323 878 3382 in
915 3320 1141 3383 mundo
1174 3320 1360 3382 habet
1394 3325 1712 3408 peccatum
1740 3318 2039 3397 judicium
2065 3319 2484 3399 vindicativum
2513 3325 2808 3401 excitans,

484 3431 568 3491 ita
611 3428 848 3508 parusia
896 3445 1032 3489 mea
1067 3427 1363 3505 justitiam
1392 3425 1846 3488 manifestatum
1872 3443 1995 3488 non
2024 3427 2475 3506 angustioribus
2509 3438 2805 3497 contenta

486 3540 600 3600 erit
643 3536 890 3610 finibus,
952 3555 1130 3618 quam
1173 3534 1430 3616 putredo
1478 3537 1725 3615 generis
1772 3536 2039 3600 humani.
2132 3529 2324 3602 Vides
2370 3538 2637 3630 imagine
2702 3559 2808 3604 ca·

484 3647 714 3709 daveris
763 3653 823 3708 et
861 3644 1194 3725 aquilarum
1240 3661 1350 3705 seu
1394 3644 1697 3706 vulturum
1752 3641 1917 3706 idem
1964 3646 2145 3723 plane
2210 3643 2570 3725 significari,
2639 3649 2809 3728 quod

482 3761 692 3838 postea
738 3753 845 3818 Mt.
891 3752 1091 3825 XXIV,
1141 3750 1245 3816 31.
1291 3751 1412 3815 Mc.
1458 3751 1609 3824 XIII,
1654 3752 1737 3817 27
1779 3756 2002 3834 messis
2048 3754 2307 3833 imagine
2380 3753 2809 3820 adumbratum

482 3866 671 3927 habes
719 3863 817 3924 cll.
862 3859 970 3924 Mt.
998 3852 1147 3933 XIII,
1177 3859 1284 3925 40.
1315 3857 1419 3924 41.
1513 3858 1732 3938 Angeli
1777 3860 1941 3922 enim
1984 3859 2092 3922 Mu
2136 3860 2287 3937 XIII,
2333 3862 2440 3930 39.
2475 3863 2678 3939 XXIV,
2711 3865 2798 3932 31

477 3971 853 4050 respondent
902 3979 1030 4041 τοῖς
1081 3969 1282 4039 ἀετοῖς
1333 3967 1458 4028 1οοὶ
1511 3968 1731 4039 nostri;
1796 3975 2053 4048 quatuor
2103 3972 2269 4032 venti
2316 3972 2409 4036 ἀπ’
2460 3972 2660 4055 ἄκρων
2703 3977 2809 4039 οὐ-

479 4086 670 4162 pavea>
705 4079 817 4151 ἕως
853 4076 1048 4159 ἄκρων
1076 4077 1269 4139 αὐτῶν
1295 4073 1669 4154 respondent
1695 4075 1893 4137 verbis
1924 4073 2041 4141 ἀπὸ
2072 4077 2376 4142 ἀνατολῶν
2402 4078 2515 4153 ἕως
2540 4087 2809 4160 δυσμῶν,

476 4180 545 4250 τὸ
590 4193 803 4265 πτῶμα
849 4178 1179 4262 respondet
1221 4187 1304 4261 τῷ
1337 4183 1494 4266 ἀγρῷ
1527 4209 1607 4238 =
1638 4177 1840 4272 κόσμῳ
1886 4179 2099 4248 Matth.
2137 4181 2286 4256 XIII,
2333 4182 2421 4250 38
2467 4188 2803 4268 praecipue
