2934 4797
1564 192 1609 256 8

421 363 606 443 Cujus
636 364 936 444 opinionis
962 365 1215 448 vestigia
1243 367 1433 430 habes
1471 371 1535 430 in
1564 367 1832 432 Testam.
1879 366 1983 432 XII
2011 369 2187 443 Patr„
2225 370 2381 452 apud
2406 367 2771 442 Irenaeum,

421 469 806 551 Hippolytum
854 479 914 533 et
959 470 1288 545 Hilarium;
1350 493 1737 556 nequaquam
1793 452 1935 538 {ero
1996 482 2201 539 nostro
2264 478 2400 539 loco
2458 477 2776 540 idoneum

422 582 595 640 nacta
622 585 714 640 est
740 577 1227 643 fundamentum:
1264 581 1329 643 id
1358 582 1522 663 quod
1543 582 1673 662 jam
1701 583 1939 647 Patrum
1966 584 2149 664 longe
2178 585 2421 666 plurimi
2444 584 2772 649 viderunt.

598 686 690 748 De
739 694 1090 750 extremo
1143 707 1288 752 vero
1353 709 1595 771 quoque
1655 676 2011 772 tem'pore
2058 691 2267 754 Jesum
2320 693 2536 773 loqui,
2581 692 2778 754 indi-

429 796 571 874 gitat
619 798 895 875 quaestio
944 795 1017 858 ab
1063 797 1373 877 Apostolis
1422 796 1499 859 de
1546 801 1784 879 parusia
1836 800 2057 861 Christi
2096 800 2254 875 ,facta
2303 799 2524 883 (XXIV,
2576 799 2643 882 3)
2699 806 2778 862 et

427 900 502 963 de
552 903 854 984 συντελείᾳ
897 911 1010 966 τοῦ
1056 906 1307 977 αἰῶνος,
1341 904 1567 997 >prohat
1610 925 1668 970 v.
1715 903 1798 970 35
1849 913 1908 968 et
1951 925 2009 969 v.
2057 904 2163 971 30.
2199 904 2317 975 31.
2406 907 2560 970 Nam
2605 906 2775 969 illud

426 1012 715 1094 ἔρχεσθαι
758 1004 861 1073 τὸν
905 1005 1034 1073 υἱὸν
1077 1016 1185 1074 τοῦ
1231 1007 1563 1094 ἀνθρώπου
1605 1002 1696 1081 ἐπὶ
1736 1020 1854 1076 τῶν
1894 1017 2153 1094 νεφελῶν
2177 1002 2286 1077 τοῦ
2318 1001 2778 1096 οὖρανοῦμετά

427 1113 731 1194 δυνάμεως
765 1115 861 1180 καὶ
888 1113 1063 1197 δόξης
1089 1121 1308 1198 πολλῆς
1352 1115 1427 1179 de
1473 1117 1592 1180 alia
1622 1118 1840 1180 Christi
1880 1105 2131 1198 parusia'
2162 1120 2525 1200 intelligere,
2575 1138 2771 1201 quam

428 1220 504 1283 de
537 1223 814 1294 extrema,
844 1226 1007 1285 vetat
1035 1221 1245 1286 Matth.
1274 1222 1448 1296 XXV,
1481 1222 1587 1288 31.
1616 1223 1764 1297 xvl,
1795 1225 1900 1290 27.
1943 1225 2016 1288 Et
2044 1222 2186 1300 τοὺς
2227 1227 2499 1309 ἀγγέλους
2528 1225 2609 1310 (v.
2640 1226 2770 1310 31)

434 1329 638 1390 dicere
699 1328 1004 1408 apostolos
1052 1334 1116 1390 et
1163 1327 1445 1392 doctores
1492 1330 1959 1412 undequaquam
2006 1332 2336 1395 ecclesiam
2393 1334 2774 1412 colligentes

427 1445 696 1501 vetamur
740 1440 806 1497 ut
851 1438 974 1498 tota
1018 1435 1199 1514 hujus
1245 1437 1368 1500 loci
1413 1434 1629 1500 natura
1678 1444 1741 1500 et
1784 1440 2012 1503 ratione
2057 1440 2139 1501 ita
2181 1441 2319 1502 loco
2365 1438 2576 1509 Matth.
2606 1439 2769 1512 XIII,

427 1541 471 1608 4
517 1562 645 1626 sq.:
695 1541 898 1626 ὥσπερ
930 1536 1033 1607 οὖν
1079 1543 1529 1626 συλλέγεται
1573 1539 1649 1608 τὰ
1688 1541 1903 1620 ζιζάνια
1951 1546 2045 1609 καὶ
2067 1546 2205 1629 πυρὶ
2252 1547 2518 1624 καίεται,
2568 1544 2771 1619 οὕτως

429 1656 595 1716 ἔσται
628 1651 702 1715 ’ἐν
745 1655 815 1732 τῇ
853 1650 1267 1732 συντελείᾳ
1311 1658 1446 1714 τοῦ
1493 1645 1800 1724 αἰῶνός.
1857 1651 2311 1716 Ἀποστελεῖ
2356 1651 2389 1717 ὁ
2435 1646 2593 1725 υἱὸς
2647 1658 2768 1716 τοῦ

382 1756 386 1760 ’
429 1756 844 1844 ἀνθρώπου
890 1754 1071 1833 τούς
1116 1758 1488 1840 ἀγγέλους
1534 1757 1773 1825 αὑτοῦ
1821 1759 1942 1824 καὶ
1989 1760 2500 1839 συλλέξουσιν
2545 1785 2593 1823 κ.
2622 1781 2672 1822 τ.
2704 1763 2763 1823 λ.

606 1865 810 1945 Quare
870 1867 1055 1941 inter·
1087 1866 1356 1927 melioris
1415 1871 1597 1929 notae
1658 1868 2023 1946 interpretes
2078 1886 2201 1929 non
2260 1868 2614 1947 ambigitur,
2681 1865 2762 1927 de

427 1984 768 2057 utroque
818 1973 1128 2036 Christum
1174 1981 1400 2037 eventu
1444 1974 1641 2055 loqui,
1701 1981 1761 2036 et
1807 1972 1882 2034 de
1929 1974 2487 2055 Hierosolymorum
2525 1973 2761 2036 excidio

431 2088 492 2144 et
538 2081 614 2142 de
654 2078 1216 2164 judiciossextremo.
1289 2078 1443 2141 Illud
1467 2099 1613 2143 vero
1647 2080 1921 2161 plurimis
1958 2098 2169 2159 parum
2212 2087 2443 2143 certum
2479 2090 2590 2156 est,
2638 2100 2761 2161 quo

432 2206 710 2270 quaeque
749 2194 1048 2251 commata
1092 2188 1211 2253 sint
1256 2189 1615 2263 referenda,
1665 2206 1982 2270 quousque
2016 2187 2233 2250 Christi
2271 2190 2453 2252 verba
2504 2197 2763 2265 tracte-nt

431 2299 733 2378 proxima,
799 2298 998 2376 gentis
1045 2294 1332 2359 Judaicae
1381 2304 1647 2378 stragem
1695 2303 1757 2359 et
1812 2313 2136 2368 occasum,
2203 2297 2450 2372 ubinam
2502 2317 2642 2361 vero
2698 2305 2764 2361 et

432 2404 596 2468 unde
653 2411 934 2486 spectent
986 2404 1167 2484 longe
1214 2411 1448 2467 remota
1499 2411 1561 2467 et
1606 2410 1887 2468 extrema.
1977 2403 2389 2467 Veruntamen
2446 2404 2511 2466 id
2561 2408 2762 2485 ipsum

435 2515 593 2576 scire
637 2515 856 2577 summi
900 2511 1189 2593 ponderis
1239 2519 1353 2576 est.
1442 2512 1511 2574 ln
1555 2513 1844 2578 orationis
1891 2511 2039 2574 Jesu
2084 2517 2299 2574 tenore
2339 2511 2758 2574 distinctio-

432 2640 563 2683 nes
607 2618 958 2702 quaedam
1001 2625 1073 2681 et
1114 2636 1466 2702 caesurae
1508 2617 2047 2699 exspectandae
2079 2624 2271 2691 sunt,
2319 2616 2480 2680 unde
2518 2619 2757 2699 liqueat,

441 2727 585 2811 quid
633 2746 752 2809 quo
801 2729 877 2789 sit
921 2726 1298 2789 trahendum.
1357 2725 1510 2789 Nam
1548 2728 1601 2788 si
1626 2744 1874 2806 prorsus
1904 2745 2026 2788 non
2053 2744 2380 2805 possumus
2410 2726 2759 2799 decernere,

441 2855 560 2918 quo
609 2831 874 2917 quidque
923 2840 1194 2915 spectet,
1260 2835 1414 2898 nihil
1457 2833 1734 2897 Christus
1800 2833 2062 2906 dixisse,
2129 2833 2280 2900 nihil
2335 2833 2644 2914 discipulis
2698 2840 2762 2897 et

445 2941 749 3026 ecclesiae
797 2959 943 3003 suae
991 2942 1416 3004 manifestasse
1479 2938 1800 3004 videbitur.
1899 2940 2053 3002 Nam
2113 2958 2269 3020 quae
2331 2958 2579 3019 prorsus
2640 2960 2757 3003 non

441 3056 697 3130 possunt
736 3047 1012 3129 intelligi,
1062 3066 1134 3109 ea
1177 3048 1363 3111 veluti
1406 3046 1629 3109 indicta
1672 3053 1918 3109 manent
1946 3045 2139 3119 dicta3
2186 3064 2403 3125 magna
2428 3064 2570 3108 vero
2609 3065 2754 3109 sane

439 3174 579 3237 pars
605 3156 916 3232 ,orationis
967 3143 1185 3232 Christi
1229 3155 1483 3236 intelligi
1529 3156 1772 3235 nequit,
1837 3156 1892 3215 si
1947 3171 2198 3260 calesura
2260 3156 2459 3215 omnis
2520 3152 2756 3216 deside-

441 3271 605 3326 ratur
653 3269 717 3325 et
762 3263 1067 3326 distinctio
1114 3281 1315 3325 rerum
1351 3281 1599 3342 prorsus
1647 3260 2107 3340 disjacentium3
2153 3267 2254 3323 aut
2282 3262 2498 3323 saltem
2529 3260 2758 3324 definiri

442 3392 566 3435 non
621 3375 878 3453 poterit,
941 3371 1087 3453 quid
1130 3347 1429 3452 pertineat
1474 3371 1547 3434 ad
1591 3371 2150 3451 Hierosolymorum
2197 3369 2565 3433 dirutionem
2608 3388 2758 3432 rem-

446 3499 563 3563 que
603 3479 733 3559 jam
777 3481 1205 3562 praeteritam,
1254 3479 1399 3561 quid
1445 3481 1793 3544 etiamnunc
1837 3486 1976 3560 post
2026 3481 2189 3546 urbis
2239 3481 2461 3560 exitum
2508 3480 2647 3543 velit
2685 3480 2756 3541 ab

450 3589 717 3653 ecclesia
763 3588 953 3669 ipsius
1002 3588 1351 3668 exspectari.
1390 3616 1395 3620 ·

623 3696 1057 3777 Getarumque
1087 3698 1280 3776 magis
1313 3697 1649 3770 elucescat,
1691 3701 1981 3777 quantum
2010 3694 2258 3766 referat,
2305 3694 2590 3756 orationis
2618 3692 2760 3778 lesu

448 3806 754 3869 intervalla
793 3822 904 3866 seu
939 3803 1235 3865 incisuras
1281 3804 1669 3882 investigare,
1717 3804 2055 3865 accuratius
2101 3799 2437 3873 videamuS,
2488 3799 2629 3880 quid
2663 3819 2757 3862 se-

452 3922 697 3997 quatur,
751 3915 805 3976 si
840 3913 1019 3993 plane
1063 3911 1516 3974 desiderentur:
1569 3917 1631 3974 et
1661 3913 1908 3991 primo
1947 3907 2226 3991 quidem,
2282 3909 2427 3990 quid
2460 3915 2753 3990 sequatur,

453 4025 508 4084 si
539 4024 961 4096 Christum,
1003 4019 1224 4082 deinde
1263 4018 1424 4101 quid,
1464 4019 1516 4080 si
1547 4020 1765 4081 Christi
1803 4017 2154 4098 discipuloS,
2195 4016 2752 4097 Evangelistas

452 4136 574 4192 tam
608 4126 956 4190 inconditae
1004 4133 1066 4189 et
1092 4125 1501 4189 inarticulatae
1540 4128 1824 4188 orationis
1871 4130 2112 4187 autores
2158 4125 2619 4203 nuncupaveris.

633 4238 701 4304 Si
756 4236 1054 4301 Christum
1112 4234 1246 4319 ejus
1302 4235 1452 4301 labis
1511 4232 1730 4300 dixeris
1782 4239 2089 4307 autorem,
2157 4233 2423 4296 Christus
2461 4240 2580 4317 *aut
2631 4233 2751 4313 ipse
