2934 4797
1535 214 1579 282 4

397 397 642 459 timent:
692 392 768 457 de
817 393 1042 476 duplici
1085 400 1289 457 autem
1337 400 1557 458 eventu
1603 402 1702 459 aut
1746 394 1969 475 triplici
2016 395 2138 474 agi,
2186 392 2423 474 utrique
2472 395 2771 470 negant.

395 502 583 581 Cujus
635 504 746 566 rei,
784 521 1040 589 ⁸causam
1096 519 1236 564 esse
1297 501 1417 564 loci
1473 503 1666 582 ipsius
1710 501 1984 564 indolem
2030 509 2092 564 et
2145 503 2237 562 rei
2296 482 2568 562 naturam
2635 515 2767 559 su·-

397 600 886 690 spicaripossis.
977 610 1132 672 Nam
1178 609 1526 672 sectionum
1583 609 1795 690 capitis
1853 612 2047 674 nostri
2094 608 2517 672 distinctiones
2565 605 2774 667 lucu-

395 782 560 834 solum
585 784 650 834 ad
676 783 988 836 Antichristi
1024 789 1255 851 tempora
1290 790 1343 837 et
1376 800 1550 837 rerum
1586 783 2092 851 consummationem,
2127 784 2203 835 ita
2239 783 2369 849 apud
2404 787 2585 850 patres
2625 784 2779 847 post

394 870 652 922 Hilarium
701 876 754 922 et
799 872 1132 924 Ambrosium
1179 888 1370 938 magna
1412 878 1499 925 est
1543 873 1857 945 consensio,
1916 877 2058 933 certe
2105 870 2222 924 inde
2260 887 2293 922 a
2328 886 2489 922 versu
2531 869 2766 921 15-21

395 958 660 1011 Christum
686 959 831 1012 urbis
860 975 961 1012 non
990 961 1136 1014 orbis
1164 961 1412 1014 excidium
1439 961 1735 1014 vaticinari.
1775 962 1919 1025 Quod
1944 976 2253 1028 persuasum
2280 960 2531 1013 habentes
2565 958 2774 1010 nenti-

395 1044 541 1114 quam
564 1046 981 1116 impediebantur,
1006 1066 1104 1118 quc
1130 1051 1298 1102 minus
1320 1049 1798 1117 Hierosolymorum
1815 1049 2103 1102 incendium
2123 1049 2256 1115 ipsis
2285 1064 2478 1116 quoque
2498 1054 2765 1116 tanquam

393 1136 481 1190 fax
507 1136 682 1203 typica
715 1137 1018 1206 signumque
1052 1138 1285 1204 flagrans
1312 1139 1498 1203 judicii
1534 1138 1692 1190 futuri
1728 1138 1993 1190 videretur
2037 1153 2162 1190 esse
2199 1142 2252 1188 et
2286 1136 2505 1190 incendii
2544 1135 2760 1189 mundi.

534 1226 707 1278 Nihilo
744 1227 914 1279 minus
952 1230 1224 1295 confiteor,
1262 1229 1431 1281 alios
1466 1229 1656 1280 Patres
1694 1245 1787 1296 per
1821 1233 1981 1279 totum
2019 1232 2172 1292 caput
2199 1243 2352 1278 unam
2388 1225 2759 1298 rem,·sccnli

397 1314 602 1369 scilieet
635 1315 812 1384 finem,
866 1316 1082 1368 vidisse.
1155 1317 1567 1384 Hippolytum
1613 1312 1749 1368 eniin
1793 1316 2012 1379 ineunte¹
2038 1330 2147 1366 sec.
2185 1315 2337 1366 tertio
2374 1317 2652 1366 florentem
2696 1316 2758 1363 et
2853 1362 2862 1367 -

395 1402 793 1455 Ambrosium
827 1419 928 1455 non
965 1404 1133 1456 solum
1168 1420 1221 1455 v.
1264 1404 1469 1456 15-36
1508 1405 1603 1456 sed
1637 1405 1840 1457 initium
1873 1418 2073 1472 quoquc
2109 1403 2294 1469 capitis
2324 1402 2397 1454 ad
2433 1417 2523 1453 res
2554 1407 2752 1454 extre-

394 1508 507 1544 mas
533 1496 584 1543 et
601 1490 912 1544 Antichristi
931 1497 1161 1560 tempora
1177 1492 1450 1545 manifeste
1472 1492 1749 1544 deflexisse
1770 1492 1990 1558 reperio,
2011 1491 2101 1558 (cf.
2120 1491 2306 1543 librum
2328 1490 2405 1542 illi
2426 1490 2755 1557 adscriptum

396 1581 911 1632 de'consummatione
931 1582 1103 1634 mundi
1122 1599 1167 1635 c.
1187 1583 1237 1634 8.
1256 1583 1333 1634 ed.
1353 1581 1585 1646 Fabrio.)
1615 1581 1887 1649 multisque
1912 1581 2033 1632 aliis
2064 1581 2158 1632 sub
2183 1580 2335 1632 initia
2358 1596 2530 1632 rerum
2558 1579 2752 1631 chris-

393 1670 651 1721 tianarum
685 1669 782 1720 hoc
817 1669 1081 1737 placuisse
1118 1672 1330 1722 confido.
1388 1669 1771 1724 Ambrosius
1812 1675 2005 1735 autem,
2037 1672 2098 1720 'ut
2135 1668 2239 1719 alia
2274 1667 2494 1735 mittam,
2533 1673 2586 1720 et
2622 1668 2750 1733 ipse

396 1759 460 1808 de
497 1757 882 1824 Hierosolymis
920 1758 1196 1821 seiunctim
1233 1774 1524 1810 sermonem
1562 1773 1688 1810 esse
1725 1774 1774 1809 v.
1812 1757 1988 1808 4-14
2026 1771 2129 1808 non
2166 1754 2378 1824 statuit,
2436 1757 2531 1807 sed
2577 1771 2749 1824 prae-

398 1846 555 1911 sagia
589 1847 836 1914 quaedam
873 1851 925 1896 et
960 1847 1119 1912 signa
1153 1847 1466 1899 Antichristi
1502 1847 1572 1900 ibi
1610 1846 2018 1915 deprehendisse
2056 1844 2160 1896 sibi
2201 1845 2353 1897 visus
2402 1850 2516 1912 est,
2571 1861 2748 1914 quan-

398 1952 549 2010 quam
585 1935 639 1986 in'
678 1950 738 1987 eo
775 1935 930 2002 longe
968 1937 1043 1988 sit
1076 1938 1446 2004 praeferendus
1470 1937 1764 2004 Hippolyto,
1801 1936 1932 2004 quod
1963 1950 2065 1987 non
2094 1935 2158 1987 ad
2187 1935 2335 1987 finem
2368 1935 2540 1986 mundi
2565 1935 2748 1986 omnia

399 2024 689 2099 ablegavit,
755 2025 849 2075 sed
884 2026 996 2088 jam
1056 2025 1223 2092 ipsius
1274 2031 1504 2093 tempore
1559 2025 1853 2093 seculisque
1897 2024 2157 2092 prioribus
2209 2024 2367 2076 effata
2415 2022 2613 2075 Christi
2665 2023 2745 2089 (v.

398 2114 574 2165 4—14
610 2117 661 2164 et
701 2113 765 2163 15
805 2113 905 2181 sq.)
944 2114 1259 2181 impletionis
1299 2115 1575 2167 continuae
1606 2120 1658 2167 et
1686 2113 1897 2182 cepisse
1924 2115 2290 2179 incrementum
2317 2117 2370 2163 et
2388 2127 2575 2179 capere
2596 2113 2739 2162 satis

397 2202 680 2270 perspexit.
719 2203 799 2254 cf.
827 2204 1096 2257 Ambrosii
1117 2205 1308 2257 Comm.
1346 2205 1400 2256 in
1419 2206 1517 2258 Ev.
1552 2205 1682 2258 Luc.
1720 2206 1787 2256 ad
1825 2205 1881 2256 G.
1909 2203 2050 2257 XXI.
2088 2203 2152 2255 ¹1¹.
2181 2203 2277 2270 111,
2316 2203 2614 2256 200-208.
2654 2203 2737 2256 ed.

398 2291 574 2344 Paris.
617 2290 771 2342 1661.

543 2381 713 2443 Quare
749 2380 920 2435 dicere
957 2382 1042 2434 fas
1081 2388 1182 2452 cst,
1217 2383 1383 2437 locum
1419 2392 1656 2438 nostrum
1694 2398 1806 2461 euni
1834 2381 2084 2435 habuisse
2115 2382 2385 2434 decursum
2412 2381 2741 2448 historicum,

401 2475 458 2524 ut
492 2469 547 2536 a)
584 2472 846 2538 primum
883 2489 914 2523 a
949 2472 1124 2525 multis
1163 2478 1501 2540 statueretur,
1539 2473 1804 2527 Christum
1839 2478 1961 2541 post
1996 2489 2046 2524 v.
2085 2473 2117 2548 2
2155 2466 2245 2537 (οὗ
2281 2468 2362 2544 μὴ
2400 2466 2587 2545 ἀφεθῇ
2623 2457 2733 2525 ὧδε

400 2562 554 2620 λίθος
589 2558 683 2636 ἐπὶ
719 2562 896 2627 λίθον,
928 2551 988 2619 ὃς
1025 2555 1092 2613 οὐ
1129 2555 1593 2629 καταλυθήσεται)
1631 2564 1693 2614 de
1731 2563 1855 2614 urbe
1878 2562 2193 2613 Judaeorum
2217 2576 2318 2612 non
2339 2562 2554 2628 amplius
2582 2560 2737 2612 multa

402 2650 564 2701 verba
605 2648 802 2700 fecisse
849 2665 1056 2717 eamque
1103 2650 1315 2702 nonnisi
1341 2651 1529 2711 ,obiter
1571 2651 1851 2717 tetigisse,
1901 2666 2009 2701 rem
2047 2649 2228 2720 quippe
2265 2654 2432 2701 ratam
2467 2657 2731 2719 notamque

402 2754 502 2789 non
523 2736 746 2789 ulterius
764 2737 1145 2805 persequendo:
1183 2742 1235 2789 et
1270 2738 1356 2806 qui
1393 2738 1469 2790 ita
1506 2737 1814 2806 sentiebant,
1851 2737 1926 2789 illi
1953 2737 2140 2804 omnia,
2178 2752 2304 2804 quae
2324 2752 2374 2788 V.
2400 2734 2434 2786 4
2460 2745 2734 2805 sequuntur
2803 2737 2812 2748 '

402 2842 566 2895 usque
604 2827 668 2877 ad
704 2826 891 2893 capitis
928 2815 1199 2894 finem,'ad
1237 2833 1464 2879 extrema
1500 2833 1732 2894 tempora
1750 2827 2050 2879 trahebant:
2086 2841 2303 2891 magnas
2339 2821 2468 2877 'sane
2491 2826 2733 2878 ita'diffl-

301 2943 319 2966 ι
403 2915 654 2989 cultates,
707 2916 1016 2984 praesertim
1053 2933 1103 2968 v.
1143 2917 1209 2969 29
1248 2917 1430 2969 obvias
1467 2917 1622 2968 facile
1659 2916 1969 2969 devitantes.
2036 2916 2087 2981 b)
2118 2917 2233 2969 Sed
2280 2916 2397 2967 alii
2444 2893 2738 2985 cernebant}

406 3005 774 3072 discipulorum
797 3007 1088 3075 quaestioni
1124 3008 1190 3058 ad
1226 3008 1401 3059 urbem
1435 3023 1630 3075 qnoque
1667 3006 1945 3074 pertinenti
1982 3007 2080 3059 hac
2115 3006 2315 3057 ratione
2353 3022 2532 3073 parum
2569 3007 2733 3059 satis-

392 3096 615 3167 factum.
689 3096 859 3157 Quare
896 3095 947 3146 si
983 3111 1084 3146 non
1120 3095 1372 3147 Irenaeus
1395 3131 1411 3163 ,
1447 3095 1680 3147 Hilarius
1718 3101 1887 3147 tamen
1924 3099 1977 3146 et
2010 3095 2209 3147 Auctor
2245 3093 2421 3162 operis
2459 3094 2736 3161 imperfecti

408 3197 602 3233 versus
641 3179 815 3231 5-14
851 3181 998 3233 urbis
1035 3181 1231 3234 excidio
1270 3182 1643 3250 concedebant,
1700 3182 1985 3251 multosque
2020 3182 2250 3249 ipsorum
2286 3196 2481 3249 quoque
2518 3187 2733 3250 tempore

408 3270 597 3338 fuisse,
635 3271 717 3339 qui
742 3267 803 3323 τὸ
823 3271 973 3331 τέλος
1000 3287 1049 3322 v.
1083 3271 1148 3323 14
1168 3272 1228 3322 de
1248 3271 1726 3339 Hierosolymorum
1753 3272 1905 3324 ruina
1933 3270 2300 3337 intelligerent,
2338 3276 2581 3324 auctores
2617 3281 2733 3327 sunt

321 3376 332 3384 ’
411 3360 668 3427 Origenes
690 3366 742 3413 et
760 3362 1108 3428 AugustinuS.
1155 3361 1208 3427 c)
1244 3362 1349 3414 Sed
1385 3368 1656 3430 postquam
1692 3362 1987 3414 accuratius
2026 3360 2359 3428 interpretari
2387 3367 2611 3429 coeptum
2637 3370 2729 3432 est,

408 3450 611 3519 plurimi
645 3450 836 3501 Patres
874 3448 1142 3516 viderunt,
1188 3465 1238 3502 v·
1281 3451 1344 3502 15
1382 3450 1616 3503 rel.⁷non
1654 3449 1831 3501 statim
1867 3451 1929 3501 de
1964 3448 2289 3502 Antichristo
2325 3448 2496 3517 loqui,
2550 3451 2637 3502 sed
2669 3452 2729 3503 de

409 3547 638 3608 tempore
689 3545 968 3592 extremum
1003 3540 1318 3592 Antichristi
1367 3555 1585 3606 reguum
1627 3539 1782 3605 longe
1827 3540 2179 3591 antecedente.
2254 3541 2361 3602 Quo
2398 3539 2645 3607 pertinent
2674 3540 2729 3607 ii,

411 3629 494 3698 qui
519 3634 608 3681 aut
633 3626 1004 3692 intelligenteS,
1041 3642 1090 3678 V.
1127 3626 1302 3679 4—14
1340 3626 1402 3678 de
1438 3626 1582 3679 urbis
1619 3624 1770 3679 ruina
1804 3628 2025 3679 nondum
2052 3627 2335 3693 separatim
2373 3627 2730 3697 (quodpropter

409 3738 462 3775 v.
502 3722 532 3773 3
573 3721 656 3773 cll.
694 3719 727 3773 2
767 3719 1164 3785 exspectandum
1199 3718 1336 3784 erat)
1382 3719 1647 3771 Christum
1681 3719 1904 3772 locutum
1950 3733 2107 3786 esse,
2159 3723 2248 3770 aut
2282 3711 2439 3771 effata
2474 3735 2523 3770 v.
2562 3719 2621 3770 15
2654 3734 2724 3787 sq.

414 3812 476 3863 de
512 3808 839 3864 Antichristo
875 3807 1015 3861 nolle
1051 3808 1276 3873 intelligi
1311 3824 1622 3875 persuasum
1656 3808 1910 3861 habentes
1949 3808 2045 3859 sed
2080 3808 2145 3859 de
2182 3807 2327 3860 urbis
2363 3807 2557 3859 excidio
2568 3843 2584 3874 ,
2615 3825 2726 3860 ver-

414 3899 562 3951 sibus
604 3899 666 3950 15
705 3913 813 3967 sqq.
852 3896 915 3948 de
951 3897 1124 3962 gentis
1160 3895 1410 3948 Judaicae
1448 3902 1632 3964 strage
1668 3911 1958 3950 sermonem
1991 3895 2109 3948 fieri
2147 3895 2401 3948 viderunt.
2457 3896 2567 3949 Huc
2600 3899 2725 3950 refe-

413 3988 562 4041 rendi
609 3967 1093 4052 'Pei-tullianus,
1144 3986 1493 4052 Origenes,
1544 3986 1900 4049 Eusebius,
1951 3984 2274 4052 BasiliuS,
2323 3987 2723 4055 Augustinus,

414 4059 963 4146 ChrysostomuS,
1001 4076 1384 4127 Theodorus
1423 4076 1771 4128 Heraclius
1810 4077 2017 4144 aliique.
2094 4075 2201 4127 Sed
2237 4074 2385 4126 valde
2423 4076 2624 4129 diverso
2656 4079 2722 4131 illi

413 4168 580 4233 modo,
620 4167 733 4218 sive
771 4166 1053 4219 sectionem
1089 4166 1315 4234 priorem
1352 4180 1402 4216 v·
1440 4164 1635 4232 4—14,
1673 4166 1790 4217 sive
1825 4165 2169 4233 posteriorem
2207 4180 2254 4216 v.
2293 4164 2356 4216 15
2384 4180 2493 4233 sqq.
2521 4175 2720 4234 spectes.

414 4260 476 4326 α)
512 4259 784 4312 Primum
820 4260 987 4327 enim,
1044 4259 1161 4328 quid
1196 4257 1331 4310 certi
1367 4258 1430 4309 de
1477 4273 1561 4310 vv.
1579 4257 1786 4322 ,4—14
1824 4262 2147 4325 statuerent,
2199 4272 2302 4338 non
2345 4257 2607 4310 habebant.
2667 4260 2721 4311 Si
